{"seq":0,"ts_recorded":"2026-06-22T22:18:13.226652Z","exchange":"coinbase","channel":"market_trades","payload":{"channel":"market_trades","timestamp":"2026-06-22T22:18:12.863377465Z","sequence_num":0,"events":[{"type":"snapshot","trades":[{"product_id":"SOL-USD","trade_id":"342164395","price":"72.57","size":"0.27287762","time":"2026-06-22T22:18:08.669865Z","side":"SELL"},{"product_id":"SOL-USD","trade_id":"342164394","price":"72.56","size":"0.28765265","time":"2026-06-22T22:18:07.610866Z","side":"SELL"},{"product_id":"SOL-USD","trade_id":"342164393","price":"72.55","size":"0.67","time":"2026-06-22T22:18:06.004386Z","side":"BUY"},{"product_id":"SOL-USD","trade_id":"342164392","price":"72.56","size":"0.17777977","time":"2026-06-22T22:18:05.056535Z","side":"SELL"},{"product_id":"SOL-USD","trade_id":"342164391","price":"72.56","size":"0.2739015","time":"2026-06-22T22:18:03.976814Z","side":"SELL"},{"product_id":"SOL-USD","trade_id":"342164390","price":"72.56","size":"0.90759096","time":"2026-06-22T22:18:02.641216Z","side":"SELL"},{"product_id":"SOL-USD","trade_id":"342164389","price":"72.56","size":"4.128277","time":"2026-06-22T22:18:00.70745Z","side":"SELL"},{"product_id":"SOL-USD","trade_id":"342164388","price":"72.56","size":"28.73","time":"2026-06-22T22:18:00.703699Z","side":"SELL"},{"product_id":"SOL-USD","trade_id":"342164387","price":"72.56","size":"0.48374225","time":"2026-06-22T22:17:59.348835Z","side":"SELL"},{"product_id":"SOL-USD","trade_id":"342164386","price":"72.56","size":"0.12417643","time":"2026-06-22T22:17:59.012573Z","side":"SELL"},{"product_id":"SOL-USD","trade_id":"342164385","price":"72.56","size":"0.06532718","time":"2026-06-22T22:17:58.754083Z","side":"SELL"},{"product_id":"SOL-USD","trade_id":"342164384","price":"72.56","size":"0.06823821","time":"2026-06-22T22:17:57.420097Z","side":"SELL"},{"product_id":"SOL-USD","trade_id":"342164383","price":"72.56","size":"0.18486561","time":"2026-06-22T22:17:57.201966Z","side":"SELL"},{"product_id":"SOL-USD","trade_id":"342164382","price":"72.56","size":"0.016","time":"2026-06-22T22:17:57.201966Z","side":"SELL"},{"product_id":"SOL-USD","trade_id":"342164381","price":"72.55","size":"0.65050373","time":"2026-06-22T22:17:56.29096Z","side":"SELL"},{"product_id":"SOL-USD","trade_id":"342164380","price":"72.55","size":"4.568488","time":"2026-06-22T22:17:56.29096Z","side":"SELL"},{"product_id":"SOL-USD","trade_id":"342164379","price":"72.55","size":"3.02562844","time":"2026-06-22T22:17:56.29096Z","side":"SELL"},{"product_id":"SOL-USD","trade_id":"342164378","price":"72.54","size":"0.54250311","time":"2026-06-22T22:17:55.42005Z","side":"SELL"},{"product_id":"SOL-USD","trade_id":"342164377","price":"72.54","size":"0.41583121","time":"2026-06-22T22:17:55.237773Z","side":"BUY"},{"product_id":"SOL-USD","trade_id":"342164376","price":"72.54","size":"0.23190443","time":"2026-06-22T22:17:52.766694Z","side":"BUY"},{"product_id":"SOL-USD","trade_id":"342164375","price":"72.55","size":"0.6532718","time":"2026-06-22T22:17:49.902277Z","side":"SELL"},{"product_id":"SOL-USD","trade_id":"342164374","price":"72.54","size":"0.03551171","time":"2026-06-22T22:17:48.865195Z","side":"BUY"},{"product_id":"SOL-USD","trade_id":"342164373","price":"72.54","size":"0.016","time":"2026-06-22T22:17:48.865195Z","side":"BUY"},{"product_id":"SOL-USD","trade_id":"342164372","price":"72.55","size":"0.016","time":"2026-06-22T22:17:48.865195Z","side":"BUY"},{"product_id":"SOL-USD","trade_id":"342164371","price":"72.56","size":"0.016","time":"2026-06-22T22:17:46.591102Z","side":"BUY"},{"product_id":"SOL-USD","trade_id":"342164370","price":"72.57","size":"0.016","time":"2026-06-22T22:17:46.022326Z","side":"BUY"},{"product_id":"SOL-USD","trade_id":"342164369","price":"72.58","size":"0.64219949","time":"2026-06-22T22:17:44.524039Z","side":"BUY"},{"product_id":"SOL-USD","trade_id":"342164368","price":"72.58","size":"1.0380311","time":"2026-06-22T22:17:28.771299Z","side":"BUY"},{"product_id":"SOL-USD","trade_id":"342164367","price":"72.59","size":"1.3389143","time":"2026-06-22T22:17:27.492343Z","side":"SELL"},{"product_id":"SOL-USD","trade_id":"342164366","price":"72.58","size":"0.13844882","time":"2026-06-22T22:17:26.674659Z","side":"BUY"},{"product_id":"SOL-USD","trade_id":"342164365","price":"72.59","size":"1.28439898","time":"2026-06-22T22:17:26.506291Z","side":"BUY"},{"product_id":"SOL-USD","trade_id":"342164364","price":"72.6","size":"2.56879796","time":"2026-06-22T22:17:24.702186Z","side":"BUY"},{"product_id":"SOL-USD","trade_id":"342164363","price":"72.6","size":"2.30219333","time":"2026-06-22T22:17:23.745033Z","side":"SELL"},{"product_id":"SOL-USD","trade_id":"342164362","price":"72.6","size":"0.016","time":"2026-06-22T22:17:23.745033Z","side":"SELL"},{"product_id":"SOL-USD","trade_id":"342164361","price":"72.59","size":"0.016","time":"2026-06-22T22:17:22.209131Z","side":"SELL"},{"product_id":"SOL-USD","trade_id":"342164360","price":"72.58","size":"2.86240406","time":"2026-06-22T22:17:21.97438Z","side":"SELL"},{"product_id":"SOL-USD","trade_id":"342164359","price":"72.58","size":"0.0065904","time":"2026-06-22T22:17:21.97438Z","side":"SELL"},{"product_id":"SOL-USD","trade_id":"342164358","price":"72.58","size":"2.27519184","time":"2026-06-22T22:17:21.87438Z","side":"BUY"},{"product_id":"SOL-USD","trade_id":"342164357","price":"72.58","size":"16.53626079","time":"2026-06-22T22:17:21.867295Z","side":"SELL"},{"product_id":"SOL-USD","trade_id":"342164356","price":"72.58","size":"1.37608366","time":"2026-06-22T22:17:21.867295Z","side":"SELL"},{"product_id":"SOL-USD","trade_id":"342164355","price":"72.58","size":"3.4565852","time":"2026-06-22T22:17:21.867295Z","side":"SELL"},{"product_id":"SOL-USD","trade_id":"342164354","price":"72.58","size":"17.22541574","time":"2026-06-22T22:17:21.867295Z","side":"SELL"},{"product_id":"SOL-USD","trade_id":"342164353","price":"72.58","size":"4.419422","time":"2026-06-22T22:17:21.867295Z","side":"SELL"},{"product_id":"SOL-USD","trade_id":"342164352","price":"72.58","size":"0.68621","time":"2026-06-22T22:17:21.867295Z","side":"SELL"},{"product_id":"SOL-USD","trade_id":"342164351","price":"72.58","size":"3.44961628","time":"2026-06-22T22:17:21.867295Z","side":"SELL"},{"product_id":"SOL-USD","trade_id":"342164350","price":"72.58","size":"33.06855727","time":"2026-06-22T22:17:21.867295Z","side":"SELL"},{"product_id":"SOL-USD","trade_id":"342164349","price":"72.58","size":"0.68144273","time":"2026-06-22T22:17:17.49302Z","side":"SELL"},{"product_id":"SOL-USD","trade_id":"342164348","price":"72.55","size":"0.41504927","time":"2026-06-22T22:17:16.277505Z","side":"BUY"},{"product_id":"SOL-USD","trade_id":"342164347","price":"72.55","size":"20.69617965","time":"2026-06-22T22:17:16.275793Z","side":"BUY"},{"product_id":"SOL-USD","trade_id":"342164346","price":"72.55","size":"0.016","time":"2026-06-22T22:17:16.275793Z","side":"BUY"},{"product_id":"SOL-USD","trade_id":"342164345","price":"72.56","size":"0.016","time":"2026-06-22T22:17:16.275793Z","side":"BUY"},{"product_id":"SOL-USD","trade_id":"342164344","price":"72.57","size":"0.016","time":"2026-06-22T22:17:16.275793Z","side":"BUY"},{"product_id":"SOL-USD","trade_id":"342164343","price":"72.58","size":"10.30564027","time":"2026-06-22T22:17:15.520346Z","side":"BUY"},{"product_id":"SOL-USD","trade_id":"342164342","price":"72.58","size":"0.78551564","time":"2026-06-22T22:17:15.454892Z","side":"BUY"},{"product_id":"SOL-USD","trade_id":"342164341","price":"72.58","size":"0.37271907","time":"2026-06-22T22:17:15.452607Z","side":"BUY"},{"product_id":"SOL-USD","trade_id":"342164340","price":"72.58","size":"10.12360236","time":"2026-06-22T22:17:15.451528Z","side":"BUY"},{"product_id":"SOL-USD","trade_id":"342164339","price":"72.58","size":"1.19084941","time":"2026-06-22T22:17:15.415793Z","side":"BUY"},{"product_id":"SOL-USD","trade_id":"342164338","price":"72.58","size":"20.09877252","time":"2026-06-22T22:17:15.412259Z","side":"BUY"},{"product_id":"SOL-USD","trade_id":"342164337","price":"72.58","size":"17.963765","time":"2026-06-22T22:17:15.360904Z","side":"BUY"},{"product_id":"SOL-USD","trade_id":"342164336","price":"72.58","size":"0.99854477","time":"2026-06-22T22:17:15.342229Z","side":"BUY"},{"product_id":"SOL-USD","trade_id":"342164335","price":"72.58","size":"0.67144944","time":"2026-06-22T22:17:15.33926Z","side":"BUY"},{"product_id":"SOL-USD","trade_id":"342164334","price":"72.58","size":"4.56843561","time":"2026-06-22T22:17:15.337513Z","side":"BUY"},{"product_id":"SOL-USD","trade_id":"342164333","price":"72.58","size":"1.53326605","time":"2026-06-22T22:17:15.334633Z","side":"BUY"},{"product_id":"SOL-USD","trade_id":"342164332","price":"72.58","size":"11.87683931","time":"2026-06-22T22:17:15.330814Z","side":"BUY"},{"product_id":"SOL-USD","trade_id":"342164331","price":"72.58","size":"0.016","time":"2026-06-22T22:17:15.330814Z","side":"BUY"},{"product_id":"SOL-USD","trade_id":"342164330","price":"72.59","size":"4.028218","time":"2026-06-22T22:17:15.267843Z","side":"BUY"},{"product_id":"SOL-USD","trade_id":"342164329","price":"72.59","size":"32.66716916","time":"2026-06-22T22:17:15.267084Z","side":"BUY"},{"product_id":"SOL-USD","trade_id":"342164328","price":"72.59","size":"0.016","time":"2026-06-22T22:17:15.267084Z","side":"BUY"},{"product_id":"SOL-USD","trade_id":"342164327","price":"72.6","size":"0.016","time":"2026-06-22T22:17:15.267084Z","side":"BUY"},{"product_id":"SOL-USD","trade_id":"342164326","price":"72.61","size":"0.016","time":"2026-06-22T22:17:15.080939Z","side":"BUY"},{"product_id":"SOL-USD","trade_id":"342164325","price":"72.62","size":"1.10076742","time":"2026-06-22T22:17:15.065404Z","side":"BUY"},{"product_id":"SOL-USD","trade_id":"342164324","price":"72.62","size":"25","time":"2026-06-22T22:17:15.055193Z","side":"BUY"},{"product_id":"SOL-USD","trade_id":"342164323","price":"72.62","size":"16.5185779","time":"2026-06-22T22:17:15.055193Z","side":"BUY"},{"product_id":"SOL-USD","trade_id":"342164322","price":"72.62","size":"4.529916","time":"2026-06-22T22:17:15.055193Z","side":"BUY"},{"product_id":"SOL-USD","trade_id":"342164321","price":"72.62","size":"20.79957908","time":"2026-06-22T22:17:15.055193Z","side":"BUY"},{"product_id":"SOL-USD","trade_id":"342164320","price":"72.62","size":"25.55005578","time":"2026-06-22T22:17:15.055193Z","side":"BUY"},{"product_id":"SOL-USD","trade_id":"342164319","price":"72.62","size":"17.20815394","time":"2026-06-22T22:17:15.055193Z","side":"BUY"},{"product_id":"SOL-USD","trade_id":"342164318","price":"72.62","size":"33.75","time":"2026-06-22T22:17:15.055193Z","side":"BUY"},{"product_id":"SOL-USD","trade_id":"342164317","price":"72.62","size":"8.39091533","time":"2026-06-22T22:17:15.055193Z","side":"BUY"},{"product_id":"SOL-USD","trade_id":"342164316","price":"72.62","size":"0.016","time":"2026-06-22T22:17:15.055193Z","side":"BUY"},{"product_id":"SOL-USD","trade_id":"342164315","price":"72.63","size":"33.05703714","time":"2026-06-22T22:17:15.054554Z","side":"BUY"},{"product_id":"SOL-USD","trade_id":"342164314","price":"72.64","size":"0.13628855","time":"2026-06-22T22:17:14.993602Z","side":"SELL"},{"product_id":"SOL-USD","trade_id":"342164313","price":"72.63","size":"0.69296286","time":"2026-06-22T22:17:14.350349Z","side":"BUY"},{"product_id":"SOL-USD","trade_id":"342164312","price":"72.63","size":"2.06524628","time":"2026-06-22T22:17:14.350349Z","side":"BUY"},{"product_id":"SOL-USD","trade_id":"342164311","price":"72.64","size":"0.13049257","time":"2026-06-22T22:17:09.011647Z","side":"SELL"},{"product_id":"SOL-USD","trade_id":"342164310","price":"72.63","size":"0.01846941","time":"2026-06-22T22:17:08.786848Z","side":"BUY"},{"product_id":"SOL-USD","trade_id":"342164309","price":"72.63","size":"0.016","time":"2026-06-22T22:17:08.786848Z","side":"BUY"},{"product_id":"SOL-USD","trade_id":"342164308","price":"72.64","size":"0.00000001","time":"2026-06-22T22:17:07.170175Z","side":"BUY"},{"product_id":"SOL-USD","trade_id":"342164307","price":"72.64","size":"0.01599999","time":"2026-06-22T22:17:07.166873Z","side":"BUY"},{"product_id":"SOL-USD","trade_id":"342164306","price":"72.65","size":"0.40047322","time":"2026-06-22T22:17:07.166873Z","side":"BUY"},{"product_id":"SOL-USD","trade_id":"342164305","price":"72.65","size":"0.016","time":"2026-06-22T22:17:07.166873Z","side":"BUY"},{"product_id":"SOL-USD","trade_id":"342164304","price":"72.67","size":"0.54915687","time":"2026-06-22T22:17:01.024443Z","side":"BUY"},{"product_id":"SOL-USD","trade_id":"342164303","price":"72.67","size":"2.29984561","time":"2026-06-22T22:17:01.017605Z","side":"BUY"},{"product_id":"SOL-USD","trade_id":"342164302","price":"72.67","size":"6.47504787","time":"2026-06-22T22:17:01.017605Z","side":"BUY"},{"product_id":"SOL-USD","trade_id":"342164301","price":"72.67","size":"3.50995739","time":"2026-06-22T22:17:01.01748Z","side":"BUY"},{"product_id":"SOL-USD","trade_id":"342164300","price":"72.67","size":"3.06511261","time":"2026-06-22T22:17:01.011572Z","side":"BUY"},{"product_id":"SOL-USD","trade_id":"342164299","price":"72.67","size":"0.78924991","time":"2026-06-22T22:17:01.011572Z","side":"BUY"},{"product_id":"SOL-USD","trade_id":"342164298","price":"72.68","size":"0.13477975","time":"2026-06-22T22:16:57.136615Z","side":"SELL"},{"product_id":"SOL-USD","trade_id":"342164297","price":"72.68","size":"0.02724271","time":"2026-06-22T22:16:56.844571Z","side":"SELL"},{"product_id":"SOL-USD","trade_id":"342164296","price":"72.68","size":"21.88364862","time":"2026-06-22T22:16:53.952869Z","side":"SELL"}]}]}}
{"seq":1,"ts_recorded":"2026-06-22T22:18:13.226831Z","exchange":"coinbase","channel":"market_trades","payload":{"channel":"market_trades","timestamp":"2026-06-22T22:18:12.863549659Z","sequence_num":1,"events":[{"type":"snapshot","trades":[{"product_id":"BTC-USD","trade_id":"1041648538","price":"64210.25","size":"0.0075672","time":"2026-06-22T22:18:12.404851Z","side":"SELL"},{"product_id":"BTC-USD","trade_id":"1041648537","price":"64210.24","size":"0.00001957","time":"2026-06-22T22:18:12.325554Z","side":"BUY"},{"product_id":"BTC-USD","trade_id":"1041648536","price":"64210.24","size":"0.00000023","time":"2026-06-22T22:18:11.84914Z","side":"BUY"},{"product_id":"BTC-USD","trade_id":"1041648535","price":"64210.24","size":"0.00000004","time":"2026-06-22T22:18:11.737358Z","side":"BUY"},{"product_id":"BTC-USD","trade_id":"1041648534","price":"64210.24","size":"0.00000962","time":"2026-06-22T22:18:11.021954Z","side":"BUY"},{"product_id":"BTC-USD","trade_id":"1041648533","price":"64210.24","size":"0.00002152","time":"2026-06-22T22:18:11.021954Z","side":"BUY"},{"product_id":"BTC-USD","trade_id":"1041648532","price":"64210.24","size":"0.00003202","time":"2026-06-22T22:18:10.827508Z","side":"BUY"},{"product_id":"BTC-USD","trade_id":"1041648531","price":"64210.24","size":"0.00000008","time":"2026-06-22T22:18:10.381941Z","side":"BUY"},{"product_id":"BTC-USD","trade_id":"1041648530","price":"64210.24","size":"0.00000024","time":"2026-06-22T22:18:10.373055Z","side":"BUY"},{"product_id":"BTC-USD","trade_id":"1041648529","price":"64210.24","size":"0.00097523","time":"2026-06-22T22:18:09.77261Z","side":"BUY"},{"product_id":"BTC-USD","trade_id":"1041648528","price":"64210.24","size":"0.00000011","time":"2026-06-22T22:18:09.343415Z","side":"BUY"},{"product_id":"BTC-USD","trade_id":"1041648527","price":"64210.24","size":"0.00000022","time":"2026-06-22T22:18:08.644542Z","side":"BUY"},{"product_id":"BTC-USD","trade_id":"1041648526","price":"64210.24","size":"0.00003114","time":"2026-06-22T22:18:08.584366Z","side":"BUY"},{"product_id":"BTC-USD","trade_id":"1041648525","price":"64210.24","size":"0.00000019","time":"2026-06-22T22:18:08.348417Z","side":"BUY"},{"product_id":"BTC-USD","trade_id":"1041648524","price":"64210.25","size":"0.00046258","time":"2026-06-22T22:18:07.766103Z","side":"SELL"},{"product_id":"BTC-USD","trade_id":"1041648523","price":"64210.24","size":"0.00000027","time":"2026-06-22T22:18:07.602579Z","side":"BUY"},{"product_id":"BTC-USD","trade_id":"1041648522","price":"64210.25","size":"0.00668945","time":"2026-06-22T22:18:07.459325Z","side":"SELL"},{"product_id":"BTC-USD","trade_id":"1041648521","price":"64210.24","size":"0.00003202","time":"2026-06-22T22:18:07.023982Z","side":"BUY"},{"product_id":"BTC-USD","trade_id":"1041648520","price":"64210.24","size":"0.00000067","time":"2026-06-22T22:18:06.890157Z","side":"BUY"},{"product_id":"BTC-USD","trade_id":"1041648519","price":"64210.25","size":"0.00073535","time":"2026-06-22T22:18:06.010558Z","side":"SELL"},{"product_id":"BTC-USD","trade_id":"1041648518","price":"64210.25","size":"0.00013339","time":"2026-06-22T22:18:06.009699Z","side":"SELL"},{"product_id":"BTC-USD","trade_id":"1041648517","price":"64210.25","size":"0.00154964","time":"2026-06-22T22:18:05.789482Z","side":"SELL"},{"product_id":"BTC-USD","trade_id":"1041648516","price":"64210.25","size":"0.00023361","time":"2026-06-22T22:18:05.624007Z","side":"SELL"},{"product_id":"BTC-USD","trade_id":"1041648515","price":"64210.24","size":"0.00000004","time":"2026-06-22T22:18:05.572481Z","side":"BUY"},{"product_id":"BTC-USD","trade_id":"1041648514","price":"64210.24","size":"0.00106832","time":"2026-06-22T22:18:05.219934Z","side":"BUY"},{"product_id":"BTC-USD","trade_id":"1041648513","price":"64210.25","size":"0.00147734","time":"2026-06-22T22:18:05.15291Z","side":"SELL"},{"product_id":"BTC-USD","trade_id":"1041648512","price":"64210.25","size":"0.00147725","time":"2026-06-22T22:18:04.758571Z","side":"SELL"},{"product_id":"BTC-USD","trade_id":"1041648511","price":"64210.24","size":"0.0000001","time":"2026-06-22T22:18:04.510622Z","side":"BUY"},{"product_id":"BTC-USD","trade_id":"1041648510","price":"64210.24","size":"0.01632296","time":"2026-06-22T22:18:03.503217Z","side":"BUY"},{"product_id":"BTC-USD","trade_id":"1041648509","price":"64210.24","size":"0.00000009","time":"2026-06-22T22:18:02.994535Z","side":"BUY"},{"product_id":"BTC-USD","trade_id":"1041648508","price":"64210.25","size":"0.00025118","time":"2026-06-22T22:18:02.581157Z","side":"SELL"},{"product_id":"BTC-USD","trade_id":"1041648507","price":"64210.24","size":"0.00000036","time":"2026-06-22T22:18:02.144106Z","side":"BUY"},{"product_id":"BTC-USD","trade_id":"1041648506","price":"64210.24","size":"0.00710055","time":"2026-06-22T22:18:01.931151Z","side":"BUY"},{"product_id":"BTC-USD","trade_id":"1041648505","price":"64210.24","size":"0.00622953","time":"2026-06-22T22:18:01.931151Z","side":"BUY"},{"product_id":"BTC-USD","trade_id":"1041648504","price":"64210.24","size":"0.00003108","time":"2026-06-22T22:18:01.931151Z","side":"BUY"},{"product_id":"BTC-USD","trade_id":"1041648503","price":"64210.25","size":"0.0053965","time":"2026-06-22T22:18:01.791062Z","side":"SELL"},{"product_id":"BTC-USD","trade_id":"1041648502","price":"64210.24","size":"0.00000014","time":"2026-06-22T22:18:01.739959Z","side":"BUY"},{"product_id":"BTC-USD","trade_id":"1041648501","price":"64210.24","size":"0.00003202","time":"2026-06-22T22:18:01.514665Z","side":"BUY"},{"product_id":"BTC-USD","trade_id":"1041648500","price":"64208.32","size":"0.00029544","time":"2026-06-22T22:18:01.112904Z","side":"SELL"},{"product_id":"BTC-USD","trade_id":"1041648499","price":"64208.31","size":"0.00000039","time":"2026-06-22T22:18:00.947169Z","side":"BUY"},{"product_id":"BTC-USD","trade_id":"1041648498","price":"64208.24","size":"0.00000003","time":"2026-06-22T22:18:00.218009Z","side":"BUY"},{"product_id":"BTC-USD","trade_id":"1041648497","price":"64208.24","size":"0.00000056","time":"2026-06-22T22:17:59.897294Z","side":"BUY"},{"product_id":"BTC-USD","trade_id":"1041648496","price":"64208.24","size":"0.00000012","time":"2026-06-22T22:17:58.725623Z","side":"BUY"},{"product_id":"BTC-USD","trade_id":"1041648495","price":"64208.24","size":"0.00000004","time":"2026-06-22T22:17:57.985974Z","side":"BUY"},{"product_id":"BTC-USD","trade_id":"1041648494","price":"64208.25","size":"0.00004626","time":"2026-06-22T22:17:57.740944Z","side":"SELL"},{"product_id":"BTC-USD","trade_id":"1041648493","price":"64208.24","size":"0.00000038","time":"2026-06-22T22:17:57.711382Z","side":"BUY"},{"product_id":"BTC-USD","trade_id":"1041648492","price":"64208.25","size":"0.00001542","time":"2026-06-22T22:17:57.669153Z","side":"SELL"},{"product_id":"BTC-USD","trade_id":"1041648491","price":"64208.25","size":"0.00077097","time":"2026-06-22T22:17:57.659568Z","side":"SELL"},{"product_id":"BTC-USD","trade_id":"1041648490","price":"64208.24","size":"0.00000003","time":"2026-06-22T22:17:57.393665Z","side":"BUY"},{"product_id":"BTC-USD","trade_id":"1041648489","price":"64208.25","size":"0.00010593","time":"2026-06-22T22:17:57.198903Z","side":"SELL"},{"product_id":"BTC-USD","trade_id":"1041648488","price":"64208.24","size":"0.00000015","time":"2026-06-22T22:17:56.751523Z","side":"BUY"},{"product_id":"BTC-USD","trade_id":"1041648487","price":"64208.24","size":"0.00000003","time":"2026-06-22T22:17:56.741419Z","side":"BUY"},{"product_id":"BTC-USD","trade_id":"1041648486","price":"64204.32","size":"0.00768217","time":"2026-06-22T22:17:56.188965Z","side":"BUY"},{"product_id":"BTC-USD","trade_id":"1041648485","price":"64204.6","size":"0.00002161","time":"2026-06-22T22:17:56.188965Z","side":"BUY"},{"product_id":"BTC-USD","trade_id":"1041648484","price":"64204.6","size":"0.00017786","time":"2026-06-22T22:17:56.188965Z","side":"BUY"},{"product_id":"BTC-USD","trade_id":"1041648483","price":"64204.6","size":"0.00004501","time":"2026-06-22T22:17:56.188965Z","side":"BUY"},{"product_id":"BTC-USD","trade_id":"1041648482","price":"64204.6","size":"0.00005408","time":"2026-06-22T22:17:56.188965Z","side":"BUY"},{"product_id":"BTC-USD","trade_id":"1041648481","price":"64204.61","size":"0.00014032","time":"2026-06-22T22:17:56.116381Z","side":"SELL"},{"product_id":"BTC-USD","trade_id":"1041648480","price":"64204.61","size":"0.00424862","time":"2026-06-22T22:17:55.427857Z","side":"SELL"},{"product_id":"BTC-USD","trade_id":"1041648479","price":"64204.6","size":"0.00000018","time":"2026-06-22T22:17:55.408966Z","side":"BUY"},{"product_id":"BTC-USD","trade_id":"1041648478","price":"64204.6","size":"0.00000025","time":"2026-06-22T22:17:55.371165Z","side":"BUY"},{"product_id":"BTC-USD","trade_id":"1041648477","price":"64204.6","size":"0.00294071","time":"2026-06-22T22:17:54.682466Z","side":"BUY"},{"product_id":"BTC-USD","trade_id":"1041648476","price":"64204.6","size":"0.00002161","time":"2026-06-22T22:17:54.682466Z","side":"BUY"},{"product_id":"BTC-USD","trade_id":"1041648475","price":"64204.6","size":"0.00003551","time":"2026-06-22T22:17:54.682466Z","side":"BUY"},{"product_id":"BTC-USD","trade_id":"1041648474","price":"64204.6","size":"0.00026695","time":"2026-06-22T22:17:54.682466Z","side":"BUY"},{"product_id":"BTC-USD","trade_id":"1041648473","price":"64204.6","size":"0.00002242","time":"2026-06-22T22:17:54.682466Z","side":"BUY"},{"product_id":"BTC-USD","trade_id":"1041648472","price":"64204.6","size":"0.0000163","time":"2026-06-22T22:17:54.682466Z","side":"BUY"},{"product_id":"BTC-USD","trade_id":"1041648471","price":"64204.6","size":"0.00000019","time":"2026-06-22T22:17:54.163292Z","side":"BUY"},{"product_id":"BTC-USD","trade_id":"1041648470","price":"64204.61","size":"0.00076941","time":"2026-06-22T22:17:53.767803Z","side":"SELL"},{"product_id":"BTC-USD","trade_id":"1041648469","price":"64204.6","size":"0.00000016","time":"2026-06-22T22:17:53.692902Z","side":"BUY"},{"product_id":"BTC-USD","trade_id":"1041648468","price":"64204.6","size":"0.0000002","time":"2026-06-22T22:17:52.868845Z","side":"BUY"},{"product_id":"BTC-USD","trade_id":"1041648467","price":"64204.6","size":"0.00000006","time":"2026-06-22T22:17:52.592033Z","side":"BUY"},{"product_id":"BTC-USD","trade_id":"1041648466","price":"64204.61","size":"0.00073849","time":"2026-06-22T22:17:51.802953Z","side":"SELL"},{"product_id":"BTC-USD","trade_id":"1041648465","price":"64204.6","size":"0.00000023","time":"2026-06-22T22:17:51.567431Z","side":"BUY"},{"product_id":"BTC-USD","trade_id":"1041648464","price":"64204.6","size":"0.00000032","time":"2026-06-22T22:17:51.046869Z","side":"BUY"},{"product_id":"BTC-USD","trade_id":"1041648463","price":"64204.6","size":"0.00000004","time":"2026-06-22T22:17:50.507148Z","side":"BUY"},{"product_id":"BTC-USD","trade_id":"1041648462","price":"64204.6","size":"0.00000011","time":"2026-06-22T22:17:49.760583Z","side":"BUY"},{"product_id":"BTC-USD","trade_id":"1041648461","price":"64204.6","size":"0.00000004","time":"2026-06-22T22:17:49.177774Z","side":"BUY"},{"product_id":"BTC-USD","trade_id":"1041648460","price":"64204.6","size":"0.00000017","time":"2026-06-22T22:17:48.480382Z","side":"BUY"},{"product_id":"BTC-USD","trade_id":"1041648459","price":"64204.6","size":"0.00000018","time":"2026-06-22T22:17:47.109728Z","side":"BUY"},{"product_id":"BTC-USD","trade_id":"1041648458","price":"64204.61","size":"0.00001541","time":"2026-06-22T22:17:47.094254Z","side":"SELL"},{"product_id":"BTC-USD","trade_id":"1041648457","price":"64204.61","size":"0.0000732","time":"2026-06-22T22:17:46.693994Z","side":"SELL"},{"product_id":"BTC-USD","trade_id":"1041648456","price":"64204.61","size":"0.00086633","time":"2026-06-22T22:17:46.102256Z","side":"SELL"},{"product_id":"BTC-USD","trade_id":"1041648455","price":"64204.61","size":"0.09913367","time":"2026-06-22T22:17:46.102256Z","side":"SELL"},{"product_id":"BTC-USD","trade_id":"1041648454","price":"64208.16","size":"0.01880317","time":"2026-06-22T22:17:46.016017Z","side":"BUY"},{"product_id":"BTC-USD","trade_id":"1041648453","price":"64208.16","size":"0.00022536","time":"2026-06-22T22:17:46.016017Z","side":"BUY"},{"product_id":"BTC-USD","trade_id":"1041648452","price":"64208.16","size":"0.000018","time":"2026-06-22T22:17:46.016017Z","side":"BUY"},{"product_id":"BTC-USD","trade_id":"1041648451","price":"64209.87","size":"0.03114334","time":"2026-06-22T22:17:45.914718Z","side":"BUY"},{"product_id":"BTC-USD","trade_id":"1041648450","price":"64210.05","size":"0.00007787","time":"2026-06-22T22:17:45.914524Z","side":"BUY"},{"product_id":"BTC-USD","trade_id":"1041648449","price":"64210.79","size":"0.1","time":"2026-06-22T22:17:45.914524Z","side":"BUY"},{"product_id":"BTC-USD","trade_id":"1041648448","price":"64211.11","size":"0.00029262","time":"2026-06-22T22:17:45.914086Z","side":"BUY"},{"product_id":"BTC-USD","trade_id":"1041648447","price":"64211.11","size":"0.00097817","time":"2026-06-22T22:17:45.914086Z","side":"BUY"},{"product_id":"BTC-USD","trade_id":"1041648446","price":"64212.02","size":"0.05343404","time":"2026-06-22T22:17:45.841779Z","side":"BUY"},{"product_id":"BTC-USD","trade_id":"1041648445","price":"64212.03","size":"0.01474129","time":"2026-06-22T22:17:45.841779Z","side":"BUY"},{"product_id":"BTC-USD","trade_id":"1041648444","price":"64213.03","size":"0.00002153","time":"2026-06-22T22:17:45.840768Z","side":"BUY"},{"product_id":"BTC-USD","trade_id":"1041648443","price":"64213.03","size":"0.03114154","time":"2026-06-22T22:17:45.840768Z","side":"BUY"},{"product_id":"BTC-USD","trade_id":"1041648442","price":"64213.03","size":"0.00024761","time":"2026-06-22T22:17:45.840768Z","side":"BUY"},{"product_id":"BTC-USD","trade_id":"1041648441","price":"64213.03","size":"0.00614202","time":"2026-06-22T22:17:45.840768Z","side":"BUY"},{"product_id":"BTC-USD","trade_id":"1041648440","price":"64213.03","size":"0.00000003","time":"2026-06-22T22:17:45.642609Z","side":"BUY"},{"product_id":"BTC-USD","trade_id":"1041648439","price":"64213.03","size":"0.00000053","time":"2026-06-22T22:17:45.357564Z","side":"BUY"}]}]}}
{"seq":2,"ts_recorded":"2026-06-22T22:18:13.226977Z","exchange":"coinbase","channel":"market_trades","payload":{"channel":"market_trades","timestamp":"2026-06-22T22:18:12.86370272Z","sequence_num":2,"events":[{"type":"snapshot","trades":[{"product_id":"ETH-USD","trade_id":"820519859","price":"1730.78","size":"0.09277985","time":"2026-06-22T22:18:11.892311Z","side":"BUY"},{"product_id":"ETH-USD","trade_id":"820519858","price":"1730.78","size":"1.6875","time":"2026-06-22T22:18:11.892311Z","side":"BUY"},{"product_id":"ETH-USD","trade_id":"820519857","price":"1730.78","size":"0.09278015","time":"2026-06-22T22:18:11.892311Z","side":"BUY"},{"product_id":"ETH-USD","trade_id":"820519856","price":"1730.76","size":"0.05669917","time":"2026-06-22T22:18:11.860009Z","side":"BUY"},{"product_id":"ETH-USD","trade_id":"820519855","price":"1730.8","size":"0.00000083","time":"2026-06-22T22:18:11.860009Z","side":"BUY"},{"product_id":"ETH-USD","trade_id":"820519854","price":"1730.8","size":"0.31099917","time":"2026-06-22T22:18:11.545258Z","side":"BUY"},{"product_id":"ETH-USD","trade_id":"820519853","price":"1730.8","size":"0.00000083","time":"2026-06-22T22:18:11.545258Z","side":"BUY"},{"product_id":"ETH-USD","trade_id":"820519852","price":"1730.8","size":"1.05642555","time":"2026-06-22T22:18:10.860128Z","side":"BUY"},{"product_id":"ETH-USD","trade_id":"820519851","price":"1730.8","size":"0.00112745","time":"2026-06-22T22:18:10.860128Z","side":"BUY"},{"product_id":"ETH-USD","trade_id":"820519850","price":"1730.9","size":"0.311","time":"2026-06-22T22:18:09.210202Z","side":"BUY"},{"product_id":"ETH-USD","trade_id":"820519849","price":"1730.88","size":"0.37119686","time":"2026-06-22T22:18:08.963392Z","side":"BUY"},{"product_id":"ETH-USD","trade_id":"820519848","price":"1730.85","size":"0.00000018","time":"2026-06-22T22:18:07.241739Z","side":"BUY"},{"product_id":"ETH-USD","trade_id":"820519847","price":"1730.86","size":"0.09611935","time":"2026-06-22T22:18:07.23455Z","side":"SELL"},{"product_id":"ETH-USD","trade_id":"820519846","price":"1730.86","size":"0.09687619","time":"2026-06-22T22:18:07.23455Z","side":"SELL"},{"product_id":"ETH-USD","trade_id":"820519845","price":"1730.86","size":"0.19148185","time":"2026-06-22T22:18:07.23455Z","side":"SELL"},{"product_id":"ETH-USD","trade_id":"820519844","price":"1730.86","size":"0.00302738","time":"2026-06-22T22:18:07.23455Z","side":"SELL"},{"product_id":"ETH-USD","trade_id":"820519843","price":"1730.91","size":"0.311","time":"2026-06-22T22:18:07.048255Z","side":"BUY"},{"product_id":"ETH-USD","trade_id":"820519842","price":"1730.9","size":"0.311","time":"2026-06-22T22:18:07.044798Z","side":"BUY"},{"product_id":"ETH-USD","trade_id":"820519841","price":"1730.87","size":"0.81581002","time":"2026-06-22T22:18:06.721601Z","side":"SELL"},{"product_id":"ETH-USD","trade_id":"820519840","price":"1730.86","size":"0.05049635","time":"2026-06-22T22:18:06.721601Z","side":"SELL"},{"product_id":"ETH-USD","trade_id":"820519839","price":"1730.86","size":"0.18159864","time":"2026-06-22T22:18:06.721601Z","side":"SELL"},{"product_id":"ETH-USD","trade_id":"820519838","price":"1730.86","size":"0.23209499","time":"2026-06-22T22:18:06.721601Z","side":"SELL"},{"product_id":"ETH-USD","trade_id":"820519837","price":"1730.85","size":"1.154371","time":"2026-06-22T22:18:06.583355Z","side":"BUY"},{"product_id":"ETH-USD","trade_id":"820519836","price":"1730.86","size":"0.20204174","time":"2026-06-22T22:18:06.532258Z","side":"BUY"},{"product_id":"ETH-USD","trade_id":"820519835","price":"1730.86","size":"0.00000026","time":"2026-06-22T22:18:06.532258Z","side":"BUY"},{"product_id":"ETH-USD","trade_id":"820519834","price":"1730.86","size":"0.24238751","time":"2026-06-22T22:18:06.470154Z","side":"BUY"},{"product_id":"ETH-USD","trade_id":"820519833","price":"1730.86","size":"0.08123321","time":"2026-06-22T22:18:06.470154Z","side":"BUY"},{"product_id":"ETH-USD","trade_id":"820519832","price":"1730.86","size":"0.04028864","time":"2026-06-22T22:18:06.470154Z","side":"BUY"},{"product_id":"ETH-USD","trade_id":"820519831","price":"1730.86","size":"0.04028864","time":"2026-06-22T22:18:06.470154Z","side":"BUY"},{"product_id":"ETH-USD","trade_id":"820519830","price":"1730.98","size":"3.97766316","time":"2026-06-22T22:18:06.431317Z","side":"SELL"},{"product_id":"ETH-USD","trade_id":"820519829","price":"1730.95","size":"0.16116842","time":"2026-06-22T22:18:06.431317Z","side":"SELL"},{"product_id":"ETH-USD","trade_id":"820519828","price":"1730.95","size":"0.16116842","time":"2026-06-22T22:18:06.431317Z","side":"SELL"},{"product_id":"ETH-USD","trade_id":"820519827","price":"1730.98","size":"0.1536","time":"2026-06-22T22:18:06.21753Z","side":"SELL"},{"product_id":"ETH-USD","trade_id":"820519826","price":"1730.97","size":"0.05767221","time":"2026-06-22T22:18:06.21753Z","side":"SELL"},{"product_id":"ETH-USD","trade_id":"820519825","price":"1730.81","size":"0.86664625","time":"2026-06-22T22:18:06.21753Z","side":"SELL"},{"product_id":"ETH-USD","trade_id":"820519824","price":"1730.85","size":"0.03964623","time":"2026-06-22T22:18:06.070989Z","side":"BUY"},{"product_id":"ETH-USD","trade_id":"820519823","price":"1730.85","size":"0.44655877","time":"2026-06-22T22:18:06.070989Z","side":"BUY"},{"product_id":"ETH-USD","trade_id":"820519822","price":"1730.96","size":"0.001","time":"2026-06-22T22:18:06.000621Z","side":"SELL"},{"product_id":"ETH-USD","trade_id":"820519821","price":"1730.84","size":"0.15863184","time":"2026-06-22T22:18:06.000621Z","side":"SELL"},{"product_id":"ETH-USD","trade_id":"820519820","price":"1730.93","size":"0.0246572","time":"2026-06-22T22:18:03.808347Z","side":"SELL"},{"product_id":"ETH-USD","trade_id":"820519819","price":"1730.91","size":"1.22497629","time":"2026-06-22T22:18:01.625262Z","side":"SELL"},{"product_id":"ETH-USD","trade_id":"820519818","price":"1730.9","size":"1.15437118","time":"2026-06-22T22:18:01.625262Z","side":"SELL"},{"product_id":"ETH-USD","trade_id":"820519817","price":"1730.9","size":"0.311","time":"2026-06-22T22:18:01.625262Z","side":"SELL"},{"product_id":"ETH-USD","trade_id":"820519816","price":"1730.89","size":"0.05767221","time":"2026-06-22T22:18:01.625262Z","side":"SELL"},{"product_id":"ETH-USD","trade_id":"820519815","price":"1730.72","size":"0.34198032","time":"2026-06-22T22:18:01.625262Z","side":"SELL"},{"product_id":"ETH-USD","trade_id":"820519814","price":"1730.78","size":"0.05767221","time":"2026-06-22T22:18:01.537794Z","side":"BUY"},{"product_id":"ETH-USD","trade_id":"820519813","price":"1730.78","size":"1.15437118","time":"2026-06-22T22:18:01.537794Z","side":"BUY"},{"product_id":"ETH-USD","trade_id":"820519812","price":"1730.82","size":"0.22367584","time":"2026-06-22T22:18:01.537794Z","side":"BUY"},{"product_id":"ETH-USD","trade_id":"820519811","price":"1730.82","size":"0.22367584","time":"2026-06-22T22:18:01.537794Z","side":"BUY"},{"product_id":"ETH-USD","trade_id":"820519810","price":"1730.96","size":"0.001","time":"2026-06-22T22:18:00.979131Z","side":"SELL"},{"product_id":"ETH-USD","trade_id":"820519809","price":"1730.87","size":"0.86661887","time":"2026-06-22T22:18:00.979131Z","side":"SELL"},{"product_id":"ETH-USD","trade_id":"820519808","price":"1730.9","size":"0.311","time":"2026-06-22T22:18:00.850996Z","side":"BUY"},{"product_id":"ETH-USD","trade_id":"820519807","price":"1730.91","size":"1.6875","time":"2026-06-22T22:18:00.790035Z","side":"BUY"},{"product_id":"ETH-USD","trade_id":"820519806","price":"1730.84","size":"1.6875","time":"2026-06-22T22:18:00.050357Z","side":"BUY"},{"product_id":"ETH-USD","trade_id":"820519805","price":"1730.84","size":"0.00057774","time":"2026-06-22T22:17:58.998383Z","side":"BUY"},{"product_id":"ETH-USD","trade_id":"820519804","price":"1730.85","size":"1.99358844","time":"2026-06-22T22:17:57.373549Z","side":"SELL"},{"product_id":"ETH-USD","trade_id":"820519803","price":"1730.85","size":"0.00001156","time":"2026-06-22T22:17:57.283267Z","side":"SELL"},{"product_id":"ETH-USD","trade_id":"820519802","price":"1730.94","size":"0.952","time":"2026-06-22T22:17:57.077868Z","side":"SELL"},{"product_id":"ETH-USD","trade_id":"820519801","price":"1730.93","size":"0.05767221","time":"2026-06-22T22:17:57.077868Z","side":"SELL"},{"product_id":"ETH-USD","trade_id":"820519800","price":"1730.89","size":"0.00142964","time":"2026-06-22T22:17:57.077868Z","side":"SELL"},{"product_id":"ETH-USD","trade_id":"820519799","price":"1730.89","size":"0.23465547","time":"2026-06-22T22:17:57.077868Z","side":"SELL"},{"product_id":"ETH-USD","trade_id":"820519798","price":"1730.89","size":"0.00286008","time":"2026-06-22T22:17:57.018126Z","side":"SELL"},{"product_id":"ETH-USD","trade_id":"820519797","price":"1730.81","size":"0.05767221","time":"2026-06-22T22:17:56.368766Z","side":"SELL"},{"product_id":"ETH-USD","trade_id":"820519796","price":"1730.81","size":"0.47516304","time":"2026-06-22T22:17:56.368766Z","side":"SELL"},{"product_id":"ETH-USD","trade_id":"820519795","price":"1730.84","size":"1.6875","time":"2026-06-22T22:17:56.310803Z","side":"BUY"},{"product_id":"ETH-USD","trade_id":"820519794","price":"1730.66","size":"1.50624583","time":"2026-06-22T22:17:56.237814Z","side":"BUY"},{"product_id":"ETH-USD","trade_id":"820519793","price":"1730.66","size":"0.18125417","time":"2026-06-22T22:17:56.237814Z","side":"BUY"},{"product_id":"ETH-USD","trade_id":"820519792","price":"1730.65","size":"0.05767214","time":"2026-06-22T22:17:55.693358Z","side":"BUY"},{"product_id":"ETH-USD","trade_id":"820519791","price":"1730.65","size":"0.36260886","time":"2026-06-22T22:17:55.693358Z","side":"BUY"},{"product_id":"ETH-USD","trade_id":"820519790","price":"1730.8","size":"1.6875","time":"2026-06-22T22:17:55.650243Z","side":"SELL"},{"product_id":"ETH-USD","trade_id":"820519789","price":"1730.66","size":"0.40665072","time":"2026-06-22T22:17:55.650243Z","side":"SELL"},{"product_id":"ETH-USD","trade_id":"820519788","price":"1730.64","size":"0.057672","time":"2026-06-22T22:17:55.634985Z","side":"BUY"},{"product_id":"ETH-USD","trade_id":"820519787","price":"1730.65","size":"0.31874","time":"2026-06-22T22:17:55.520237Z","side":"BUY"},{"product_id":"ETH-USD","trade_id":"820519786","price":"1730.73","size":"0.05386938","time":"2026-06-22T22:17:55.477002Z","side":"SELL"},{"product_id":"ETH-USD","trade_id":"820519785","price":"1730.8","size":"0.328","time":"2026-06-22T22:17:55.44014Z","side":"SELL"},{"product_id":"ETH-USD","trade_id":"820519784","price":"1730.79","size":"0.05767221","time":"2026-06-22T22:17:55.44014Z","side":"SELL"},{"product_id":"ETH-USD","trade_id":"820519783","price":"1730.66","size":"0.86672136","time":"2026-06-22T22:17:55.44014Z","side":"SELL"},{"product_id":"ETH-USD","trade_id":"820519782","price":"1730.65","size":"0.057672","time":"2026-06-22T22:17:55.290709Z","side":"BUY"},{"product_id":"ETH-USD","trade_id":"820519781","price":"1730.64","size":"0.057672","time":"2026-06-22T22:17:55.231283Z","side":"BUY"},{"product_id":"ETH-USD","trade_id":"820519780","price":"1730.66","size":"0.86672136","time":"2026-06-22T22:17:55.230972Z","side":"SELL"},{"product_id":"ETH-USD","trade_id":"820519779","price":"1730.65","size":"0.49475337","time":"2026-06-22T22:17:55.230972Z","side":"SELL"},{"product_id":"ETH-USD","trade_id":"820519778","price":"1730.67","size":"0.057672","time":"2026-06-22T22:17:55.112381Z","side":"BUY"},{"product_id":"ETH-USD","trade_id":"820519777","price":"1730.68","size":"0.00133721","time":"2026-06-22T22:17:55.060876Z","side":"BUY"},{"product_id":"ETH-USD","trade_id":"820519776","price":"1730.68","size":"0.07076639","time":"2026-06-22T22:17:55.060876Z","side":"BUY"},{"product_id":"ETH-USD","trade_id":"820519775","price":"1730.68","size":"0.0707664","time":"2026-06-22T22:17:55.060876Z","side":"BUY"},{"product_id":"ETH-USD","trade_id":"820519774","price":"1730.72","size":"0.00267629","time":"2026-06-22T22:17:54.926605Z","side":"SELL"},{"product_id":"ETH-USD","trade_id":"820519773","price":"1730.72","size":"0.1415716","time":"2026-06-22T22:17:54.375408Z","side":"BUY"},{"product_id":"ETH-USD","trade_id":"820519772","price":"1730.72","size":"0.1415724","time":"2026-06-22T22:17:54.375408Z","side":"BUY"},{"product_id":"ETH-USD","trade_id":"820519771","price":"1730.76","size":"0.51072111","time":"2026-06-22T22:17:54.31422Z","side":"SELL"},{"product_id":"ETH-USD","trade_id":"820519770","price":"1730.75","size":"0.05767221","time":"2026-06-22T22:17:54.31422Z","side":"SELL"},{"product_id":"ETH-USD","trade_id":"820519769","price":"1730.71","size":"0.055725","time":"2026-06-22T22:17:54.31059Z","side":"BUY"},{"product_id":"ETH-USD","trade_id":"820519768","price":"1730.72","size":"0.11147975","time":"2026-06-22T22:17:54.230935Z","side":"BUY"},{"product_id":"ETH-USD","trade_id":"820519767","price":"1730.72","size":"0.00000025","time":"2026-06-22T22:17:54.230935Z","side":"BUY"},{"product_id":"ETH-USD","trade_id":"820519766","price":"1730.72","size":"0.223024","time":"2026-06-22T22:17:54.190551Z","side":"BUY"},{"product_id":"ETH-USD","trade_id":"820519765","price":"1730.68","size":"0.28594866","time":"2026-06-22T22:17:54.120253Z","side":"SELL"},{"product_id":"ETH-USD","trade_id":"820519764","price":"1730.7","size":"0.22308445","time":"2026-06-22T22:17:52.380649Z","side":"BUY"},{"product_id":"ETH-USD","trade_id":"820519763","price":"1730.7","size":"0.22308455","time":"2026-06-22T22:17:52.380649Z","side":"BUY"},{"product_id":"ETH-USD","trade_id":"820519762","price":"1730.69","size":"0.86670634","time":"2026-06-22T22:17:52.302132Z","side":"SELL"},{"product_id":"ETH-USD","trade_id":"820519761","price":"1730.7","size":"0.000742","time":"2026-06-22T22:17:51.770346Z","side":"BUY"},{"product_id":"ETH-USD","trade_id":"820519760","price":"1730.7","size":"0.328","time":"2026-06-22T22:17:51.770346Z","side":"BUY"}]}]}}
{"seq":3,"ts_recorded":"2026-06-22T22:18:13.227000Z","exchange":"coinbase","channel":"market_trades","payload":{"channel":"market_trades","timestamp":"2026-06-22T22:18:13.022674777Z","sequence_num":4,"events":[{"type":"update","trades":[{"product_id":"BTC-USD","trade_id":"1041648539","price":"64210.24","size":"0.00000029","time":"2026-06-22T22:18:12.921982Z","side":"BUY"}]}]}}
{"seq":4,"ts_recorded":"2026-06-22T22:18:13.227015Z","exchange":"coinbase","channel":"ticker","payload":{"channel":"ticker","timestamp":"2026-06-22T22:18:13.064640686Z","sequence_num":5,"events":[{"type":"snapshot","tickers":[{"type":"ticker","product_id":"BTC-USD","price":"64210.25","volume_24_h":"8046.44906666","low_24_h":"63171.19","high_24_h":"65553.39","low_52_w":"59073.01","high_52_w":"126296","price_percent_chg_24_h":"0.84520548956379","best_bid":"64210.24","best_ask":"64210.25","best_bid_quantity":"0.14626051","best_ask_quantity":"0.19020478"}]}]}}
{"seq":5,"ts_recorded":"2026-06-22T22:18:13.227026Z","exchange":"coinbase","channel":"ticker","payload":{"channel":"ticker","timestamp":"2026-06-22T22:18:13.064675381Z","sequence_num":6,"events":[{"type":"snapshot","tickers":[{"type":"ticker","product_id":"ETH-USD","price":"1730.78","volume_24_h":"119009.77387206","low_24_h":"1702.1","high_24_h":"1777.83","low_52_w":"1505","high_52_w":"4955.9","price_percent_chg_24_h":"0.8730621284532","best_bid":"1730.77","best_ask":"1730.78","best_bid_quantity":"2.88100848","best_ask_quantity":"0.86666127"}]}]}}
{"seq":6,"ts_recorded":"2026-06-22T22:18:13.227042Z","exchange":"coinbase","channel":"ticker","payload":{"channel":"ticker","timestamp":"2026-06-22T22:18:13.064691073Z","sequence_num":7,"events":[{"type":"snapshot","tickers":[{"type":"ticker","product_id":"SOL-USD","price":"72.565","volume_24_h":"753935.03512473","low_24_h":"72.19","high_24_h":"74.92","low_52_w":"60.11","high_52_w":"253.61","price_percent_chg_24_h":"-0.78616352201258","best_bid":"72.56","best_ask":"72.57","best_bid_quantity":"31.52086933","best_ask_quantity":"23.64261008"}]}]}}
{"seq":7,"ts_recorded":"2026-06-22T22:18:13.227059Z","exchange":"coinbase","channel":"market_trades","payload":{"channel":"market_trades","timestamp":"2026-06-22T22:18:13.092919507Z","sequence_num":9,"events":[{"type":"update","trades":[{"product_id":"ETH-USD","trade_id":"820519860","price":"1730.78","size":"0.05479823","time":"2026-06-22T22:18:13.009021Z","side":"SELL"}]}]}}
{"seq":8,"ts_recorded":"2026-06-22T22:18:13.227069Z","exchange":"coinbase","channel":"ticker","payload":{"channel":"ticker","timestamp":"2026-06-22T22:18:13.146021495Z","sequence_num":10,"events":[{"type":"update","tickers":[{"type":"ticker","product_id":"ETH-USD","price":"1730.78","volume_24_h":"119009.77387206","low_24_h":"1702.1","high_24_h":"1777.83","low_52_w":"1505","high_52_w":"4955.9","price_percent_chg_24_h":"0.8730621284532","best_bid":"1730.77","best_ask":"1730.78","best_bid_quantity":"2.88100848","best_ask_quantity":"0.81186304"}]}]}}
{"seq":9,"ts_recorded":"2026-06-22T22:18:13.227808Z","exchange":"coinbase","channel":"ticker","payload":{"channel":"ticker","timestamp":"2026-06-22T22:18:13.225855832Z","sequence_num":11,"events":[{"type":"update","tickers":[{"type":"ticker","product_id":"SOL-USD","price":"72.565","volume_24_h":"753935.03512473","low_24_h":"72.19","high_24_h":"74.92","low_52_w":"60.11","high_52_w":"253.61","price_percent_chg_24_h":"-0.78616352201258","best_bid":"72.56","best_ask":"72.57","best_bid_quantity":"56.52086933","best_ask_quantity":"23.64261008"}]}]}}
{"seq":10,"ts_recorded":"2026-06-22T22:18:13.245964Z","exchange":"coinbase","channel":"ticker","payload":{"channel":"ticker","timestamp":"2026-06-22T22:18:13.244027277Z","sequence_num":12,"events":[{"type":"update","tickers":[{"type":"ticker","product_id":"BTC-USD","price":"64210.25","volume_24_h":"8046.44906666","low_24_h":"63171.19","high_24_h":"65553.39","low_52_w":"59073.01","high_52_w":"126296","price_percent_chg_24_h":"0.84520548956379","best_bid":"64210.24","best_ask":"64210.25","best_bid_quantity":"0.14626051","best_ask_quantity":"0.18020478"}]}]}}
{"seq":11,"ts_recorded":"2026-06-22T22:18:13.268622Z","exchange":"coinbase","channel":"ticker","payload":{"channel":"ticker","timestamp":"2026-06-22T22:18:13.266976533Z","sequence_num":13,"events":[{"type":"update","tickers":[{"type":"ticker","product_id":"BTC-USD","price":"64210.24","volume_24_h":"8046.44906666","low_24_h":"63171.19","high_24_h":"65553.39","low_52_w":"59073.01","high_52_w":"126296","price_percent_chg_24_h":"0.84518978409535","best_bid":"64210.24","best_ask":"64210.25","best_bid_quantity":"0.14626051","best_ask_quantity":"0.18020478"}]}]}}
{"seq":12,"ts_recorded":"2026-06-22T22:18:13.314937Z","exchange":"coinbase","channel":"market_trades","payload":{"channel":"market_trades","timestamp":"2026-06-22T22:18:13.313239799Z","sequence_num":14,"events":[{"type":"update","trades":[{"product_id":"SOL-USD","trade_id":"342164397","price":"72.57","size":"1.17360998","time":"2026-06-22T22:18:13.21267Z","side":"SELL"},{"product_id":"SOL-USD","trade_id":"342164396","price":"72.57","size":"0.016","time":"2026-06-22T22:18:13.21267Z","side":"SELL"}]}]}}
{"seq":13,"ts_recorded":"2026-06-22T22:18:13.424720Z","exchange":"coinbase","channel":"market_trades","payload":{"channel":"market_trades","timestamp":"2026-06-22T22:18:13.423013544Z","sequence_num":15,"events":[{"type":"update","trades":[{"product_id":"BTC-USD","trade_id":"1041648540","price":"64210.25","size":"0.00007709","time":"2026-06-22T22:18:13.379361Z","side":"SELL"}]}]}}
{"seq":14,"ts_recorded":"2026-06-22T22:18:13.477726Z","exchange":"coinbase","channel":"ticker","payload":{"channel":"ticker","timestamp":"2026-06-22T22:18:13.47636286Z","sequence_num":16,"events":[{"type":"update","tickers":[{"type":"ticker","product_id":"SOL-USD","price":"72.565","volume_24_h":"753935.03512473","low_24_h":"72.19","high_24_h":"74.92","low_52_w":"60.11","high_52_w":"253.61","price_percent_chg_24_h":"-0.78616352201258","best_bid":"72.56","best_ask":"72.57","best_bid_quantity":"60.37029033","best_ask_quantity":"19.47635708"}]}]}}
{"seq":15,"ts_recorded":"2026-06-22T22:18:13.478247Z","exchange":"coinbase","channel":"ticker","payload":{"channel":"ticker","timestamp":"2026-06-22T22:18:13.476943333Z","sequence_num":17,"events":[{"type":"update","tickers":[{"type":"ticker","product_id":"SOL-USD","price":"72.57","volume_24_h":"753935.03512473","low_24_h":"72.19","high_24_h":"74.92","low_52_w":"60.11","high_52_w":"253.61","price_percent_chg_24_h":"-0.77932731747334","best_bid":"72.56","best_ask":"72.57","best_bid_quantity":"60.37029033","best_ask_quantity":"19.47635708"}]}]}}
{"seq":16,"ts_recorded":"2026-06-22T22:18:13.498187Z","exchange":"coinbase","channel":"ticker","payload":{"channel":"ticker","timestamp":"2026-06-22T22:18:13.494842219Z","sequence_num":18,"events":[{"type":"update","tickers":[{"type":"ticker","product_id":"BTC-USD","price":"64210.24","volume_24_h":"8046.44906666","low_24_h":"63171.19","high_24_h":"65553.39","low_52_w":"59073.01","high_52_w":"126296","price_percent_chg_24_h":"0.84518978409535","best_bid":"64210.24","best_ask":"64210.25","best_bid_quantity":"0.14626051","best_ask_quantity":"0.18012769"}]}]}}
{"seq":17,"ts_recorded":"2026-06-22T22:18:13.526749Z","exchange":"coinbase","channel":"ticker","payload":{"channel":"ticker","timestamp":"2026-06-22T22:18:13.517668873Z","sequence_num":19,"events":[{"type":"update","tickers":[{"type":"ticker","product_id":"BTC-USD","price":"64210.25","volume_24_h":"8046.44906666","low_24_h":"63171.19","high_24_h":"65553.39","low_52_w":"59073.01","high_52_w":"126296","price_percent_chg_24_h":"0.84520548956379","best_bid":"64210.24","best_ask":"64210.25","best_bid_quantity":"0.14626051","best_ask_quantity":"0.18012769"}]}]}}
{"seq":18,"ts_recorded":"2026-06-22T22:18:13.694837Z","exchange":"coinbase","channel":"market_trades","payload":{"channel":"market_trades","timestamp":"2026-06-22T22:18:13.693348869Z","sequence_num":20,"events":[{"type":"update","trades":[{"product_id":"ETH-USD","trade_id":"820519861","price":"1730.78","size":"0.002384","time":"2026-06-22T22:18:13.630672Z","side":"SELL"}]}]}}
{"seq":19,"ts_recorded":"2026-06-22T22:18:13.726970Z","exchange":"coinbase","channel":"market_trades","payload":{"channel":"market_trades","timestamp":"2026-06-22T22:18:13.72323804Z","sequence_num":21,"events":[{"type":"update","trades":[{"product_id":"BTC-USD","trade_id":"1041648541","price":"64210.24","size":"0.00003114","time":"2026-06-22T22:18:13.697298Z","side":"BUY"}]}]}}
{"seq":20,"ts_recorded":"2026-06-22T22:18:13.729541Z","exchange":"coinbase","channel":"ticker","payload":{"channel":"ticker","timestamp":"2026-06-22T22:18:13.727055208Z","sequence_num":22,"events":[{"type":"update","tickers":[{"type":"ticker","product_id":"SOL-USD","price":"72.57","volume_24_h":"753935.03512473","low_24_h":"72.19","high_24_h":"74.92","low_52_w":"60.11","high_52_w":"253.61","price_percent_chg_24_h":"-0.77932731747334","best_bid":"72.56","best_ask":"72.57","best_bid_quantity":"31.64029033","best_ask_quantity":"18.84242656"}]}]}}
{"seq":21,"ts_recorded":"2026-06-22T22:18:13.749994Z","exchange":"coinbase","channel":"ticker","payload":{"channel":"ticker","timestamp":"2026-06-22T22:18:13.747691051Z","sequence_num":23,"events":[{"type":"update","tickers":[{"type":"ticker","product_id":"BTC-USD","price":"64210.25","volume_24_h":"8046.44906666","low_24_h":"63171.19","high_24_h":"65553.39","low_52_w":"59073.01","high_52_w":"126296","price_percent_chg_24_h":"0.84520548956379","best_bid":"64210.24","best_ask":"64210.25","best_bid_quantity":"0.14622937","best_ask_quantity":"0.1653864"}]}]}}
{"seq":22,"ts_recorded":"2026-06-22T22:18:13.814951Z","exchange":"coinbase","channel":"market_trades","payload":{"channel":"market_trades","timestamp":"2026-06-22T22:18:13.813129862Z","sequence_num":24,"events":[{"type":"update","trades":[{"product_id":"SOL-USD","trade_id":"342164398","price":"72.57","size":"0.63393052","time":"2026-06-22T22:18:13.696947Z","side":"SELL"}]}]}}
{"seq":23,"ts_recorded":"2026-06-22T22:18:13.825786Z","exchange":"coinbase","channel":"market_trades","payload":{"channel":"market_trades","timestamp":"2026-06-22T22:18:13.824403688Z","sequence_num":25,"events":[{"type":"update","trades":[{"product_id":"BTC-USD","trade_id":"1041648542","price":"64210.24","size":"0.0000001","time":"2026-06-22T22:18:13.781907Z","side":"BUY"}]}]}}
{"seq":24,"ts_recorded":"2026-06-22T22:18:13.913035Z","exchange":"coinbase","channel":"ticker","payload":{"channel":"ticker","timestamp":"2026-06-22T22:18:13.909194611Z","sequence_num":26,"events":[{"type":"update","tickers":[{"type":"ticker","product_id":"ETH-USD","price":"1730.78","volume_24_h":"119009.77387206","low_24_h":"1702.1","high_24_h":"1777.83","low_52_w":"1505","high_52_w":"4955.9","price_percent_chg_24_h":"0.8730621284532","best_bid":"1730.77","best_ask":"1730.78","best_bid_quantity":"2.88100848","best_ask_quantity":"0.80947904"}]}]}}
{"seq":25,"ts_recorded":"2026-06-22T22:18:13.977299Z","exchange":"coinbase","channel":"ticker","payload":{"channel":"ticker","timestamp":"2026-06-22T22:18:13.976418263Z","sequence_num":27,"events":[{"type":"update","tickers":[{"type":"ticker","product_id":"SOL-USD","price":"72.57","volume_24_h":"753935.03512473","low_24_h":"72.19","high_24_h":"74.92","low_52_w":"60.11","high_52_w":"253.61","price_percent_chg_24_h":"-0.77932731747334","best_bid":"72.56","best_ask":"72.57","best_bid_quantity":"31.64029033","best_ask_quantity":"22.82062156"}]}]}}
{"seq":26,"ts_recorded":"2026-06-22T22:18:13.993475Z","exchange":"coinbase","channel":"market_trades","payload":{"channel":"market_trades","timestamp":"2026-06-22T22:18:13.992583446Z","sequence_num":28,"events":[{"type":"update","trades":[{"product_id":"ETH-USD","trade_id":"820519862","price":"1730.78","size":"0.80947904","time":"2026-06-22T22:18:13.957259Z","side":"SELL"}]}]}}
{"seq":27,"ts_recorded":"2026-06-22T22:18:13.994553Z","exchange":"coinbase","channel":"ticker","payload":{"channel":"ticker","timestamp":"2026-06-22T22:18:13.993292084Z","sequence_num":29,"events":[{"type":"update","tickers":[{"type":"ticker","product_id":"BTC-USD","price":"64210.25","volume_24_h":"8046.44906666","low_24_h":"63171.19","high_24_h":"65553.39","low_52_w":"59073.01","high_52_w":"126296","price_percent_chg_24_h":"0.84520548956379","best_bid":"64210.24","best_ask":"64210.25","best_bid_quantity":"0.44459571","best_ask_quantity":"0.1653864"}]}]}}
{"seq":28,"ts_recorded":"2026-06-22T22:18:14.023544Z","exchange":"coinbase","channel":"ticker","payload":{"channel":"ticker","timestamp":"2026-06-22T22:18:14.022344758Z","sequence_num":30,"events":[{"type":"update","tickers":[{"type":"ticker","product_id":"BTC-USD","price":"64210.24","volume_24_h":"8046.44906666","low_24_h":"63171.19","high_24_h":"65553.39","low_52_w":"59073.01","high_52_w":"126296","price_percent_chg_24_h":"0.84518978409535","best_bid":"64210.24","best_ask":"64210.25","best_bid_quantity":"0.44459571","best_ask_quantity":"0.1653864"}]}]}}
{"seq":29,"ts_recorded":"2026-06-22T22:18:14.094769Z","exchange":"coinbase","channel":"market_trades","payload":{"channel":"market_trades","timestamp":"2026-06-22T22:18:14.092427311Z","sequence_num":31,"events":[{"type":"update","trades":[{"product_id":"ETH-USD","trade_id":"820519863","price":"1730.9","size":"0.311","time":"2026-06-22T22:18:14.02112Z","side":"BUY"}]}]}}
{"seq":30,"ts_recorded":"2026-06-22T22:18:14.196204Z","exchange":"coinbase","channel":"market_trades","payload":{"channel":"market_trades","timestamp":"2026-06-22T22:18:14.192900465Z","sequence_num":32,"events":[{"type":"update","trades":[{"product_id":"ETH-USD","trade_id":"820519870","price":"1731.02","size":"3.50567836","time":"2026-06-22T22:18:14.142776Z","side":"SELL"},{"product_id":"ETH-USD","trade_id":"820519869","price":"1731.01","size":"1.15437118","time":"2026-06-22T22:18:14.142776Z","side":"SELL"},{"product_id":"ETH-USD","trade_id":"820519868","price":"1731","size":"5","time":"2026-06-22T22:18:14.142776Z","side":"SELL"},{"product_id":"ETH-USD","trade_id":"820519867","price":"1730.99","size":"0.1536","time":"2026-06-22T22:18:14.142776Z","side":"SELL"},{"product_id":"ETH-USD","trade_id":"820519866","price":"1730.98","size":"0.05767221","time":"2026-06-22T22:18:14.142776Z","side":"SELL"},{"product_id":"ETH-USD","trade_id":"820519865","price":"1730.82","size":"0.86664301","time":"2026-06-22T22:18:14.142776Z","side":"SELL"},{"product_id":"ETH-USD","trade_id":"820519864","price":"1730.81","size":"0.47203524","time":"2026-06-22T22:18:14.142776Z","side":"SELL"}]}]}}
{"seq":31,"ts_recorded":"2026-06-22T22:18:14.223068Z","exchange":"coinbase","channel":"market_trades","payload":{"channel":"market_trades","timestamp":"2026-06-22T22:18:14.221726704Z","sequence_num":33,"events":[{"type":"update","trades":[{"product_id":"BTC-USD","trade_id":"1041648543","price":"64210.25","size":"0.00075672","time":"2026-06-22T22:18:14.126029Z","side":"SELL"}]}]}}
{"seq":32,"ts_recorded":"2026-06-22T22:18:14.228708Z","exchange":"coinbase","channel":"ticker","payload":{"channel":"ticker","timestamp":"2026-06-22T22:18:14.227330326Z","sequence_num":34,"events":[{"type":"update","tickers":[{"type":"ticker","product_id":"SOL-USD","price":"72.57","volume_24_h":"753935.03512473","low_24_h":"72.19","high_24_h":"74.92","low_52_w":"60.11","high_52_w":"253.61","price_percent_chg_24_h":"-0.77932731747334","best_bid":"72.56","best_ask":"72.57","best_bid_quantity":"60.37029033","best_ask_quantity":"11.95252716"}]}]}}
{"seq":33,"ts_recorded":"2026-06-22T22:18:14.248785Z","exchange":"coinbase","channel":"ticker","payload":{"channel":"ticker","timestamp":"2026-06-22T22:18:14.246960906Z","sequence_num":35,"events":[{"type":"update","tickers":[{"type":"ticker","product_id":"BTC-USD","price":"64210.24","volume_24_h":"8046.44906666","low_24_h":"63171.19","high_24_h":"65553.39","low_52_w":"59073.01","high_52_w":"126296","price_percent_chg_24_h":"0.84518978409535","best_bid":"64210.24","best_ask":"64210.25","best_bid_quantity":"0.29839571","best_ask_quantity":"0.15217048"}]}]}}
{"seq":34,"ts_recorded":"2026-06-22T22:18:14.270853Z","exchange":"coinbase","channel":"ticker","payload":{"channel":"ticker","timestamp":"2026-06-22T22:18:14.268629361Z","sequence_num":36,"events":[{"type":"update","tickers":[{"type":"ticker","product_id":"BTC-USD","price":"64210.25","volume_24_h":"8046.44906666","low_24_h":"63171.19","high_24_h":"65553.39","low_52_w":"59073.01","high_52_w":"126296","price_percent_chg_24_h":"0.84520548956379","best_bid":"64210.24","best_ask":"64210.25","best_bid_quantity":"0.29839571","best_ask_quantity":"0.15217048"}]}]}}
{"seq":35,"ts_recorded":"2026-06-22T22:18:14.294147Z","exchange":"coinbase","channel":"market_trades","payload":{"channel":"market_trades","timestamp":"2026-06-22T22:18:14.292521501Z","sequence_num":37,"events":[{"type":"update","trades":[{"product_id":"ETH-USD","trade_id":"820519874","price":"1730.87","size":"1.68749916","time":"2026-06-22T22:18:14.250704Z","side":"BUY"},{"product_id":"ETH-USD","trade_id":"820519873","price":"1730.87","size":"0.16436084","time":"2026-06-22T22:18:14.250704Z","side":"BUY"},{"product_id":"ETH-USD","trade_id":"820519872","price":"1730.93","size":"0.08220256","time":"2026-06-22T22:18:14.191149Z","side":"BUY"},{"product_id":"ETH-USD","trade_id":"820519871","price":"1730.93","size":"0.24660944","time":"2026-06-22T22:18:14.191149Z","side":"BUY"}]}]}}
{"seq":36,"ts_recorded":"2026-06-22T22:18:14.296558Z","exchange":"coinbase","channel":"ticker","payload":{"channel":"ticker","timestamp":"2026-06-22T22:18:14.295301347Z","sequence_num":38,"events":[{"type":"update","tickers":[{"type":"ticker","product_id":"ETH-USD","price":"1730.78","volume_24_h":"119009.77387206","low_24_h":"1702.1","high_24_h":"1777.83","low_52_w":"1505","high_52_w":"4955.9","price_percent_chg_24_h":"0.8730621284532","best_bid":"1730.87","best_ask":"1730.95","best_bid_quantity":"1.85186084","best_ask_quantity":"0.400396"}]}]}}
{"seq":37,"ts_recorded":"2026-06-22T22:18:14.324914Z","exchange":"coinbase","channel":"market_trades","payload":{"channel":"market_trades","timestamp":"2026-06-22T22:18:14.323141562Z","sequence_num":39,"events":[{"type":"update","trades":[{"product_id":"BTC-USD","trade_id":"1041648544","price":"64210.24","size":"0.00000014","time":"2026-06-22T22:18:14.272794Z","side":"BUY"}]}]}}
{"seq":38,"ts_recorded":"2026-06-22T22:18:14.385183Z","exchange":"coinbase","channel":"ticker","payload":{"channel":"ticker","timestamp":"2026-06-22T22:18:14.382793453Z","sequence_num":40,"events":[{"type":"update","tickers":[{"type":"ticker","product_id":"ETH-USD","price":"1730.9","volume_24_h":"119009.77387206","low_24_h":"1702.1","high_24_h":"1777.83","low_52_w":"1505","high_52_w":"4955.9","price_percent_chg_24_h":"0.88005595057699","best_bid":"1730.87","best_ask":"1730.95","best_bid_quantity":"1.85186084","best_ask_quantity":"0.400396"}]}]}}
{"seq":39,"ts_recorded":"2026-06-22T22:18:14.394715Z","exchange":"coinbase","channel":"market_trades","payload":{"channel":"market_trades","timestamp":"2026-06-22T22:18:14.392706312Z","sequence_num":41,"events":[{"type":"update","trades":[{"product_id":"ETH-USD","trade_id":"820519875","price":"1730.86","size":"1.154371","time":"2026-06-22T22:18:14.310164Z","side":"BUY"}]}]}}
{"seq":40,"ts_recorded":"2026-06-22T22:18:14.419877Z","exchange":"coinbase","channel":"ticker","payload":{"channel":"ticker","timestamp":"2026-06-22T22:18:14.417984789Z","sequence_num":42,"events":[{"type":"update","tickers":[{"type":"ticker","product_id":"ETH-USD","price":"1730.9","volume_24_h":"119009.77387206","low_24_h":"1702.1","high_24_h":"1777.83","low_52_w":"1505","high_52_w":"4955.9","price_percent_chg_24_h":"0.88005595057699","best_bid":"1730.86","best_ask":"1730.91","best_bid_quantity":"0.00000018","best_ask_quantity":"0.48256672"}]}]}}
{"seq":41,"ts_recorded":"2026-06-22T22:18:14.482996Z","exchange":"coinbase","channel":"ticker","payload":{"channel":"ticker","timestamp":"2026-06-22T22:18:14.481163283Z","sequence_num":43,"events":[{"type":"update","tickers":[{"type":"ticker","product_id":"BTC-USD","price":"64210.24","volume_24_h":"8046.44906666","low_24_h":"63171.19","high_24_h":"65553.39","low_52_w":"59073.01","high_52_w":"126296","price_percent_chg_24_h":"0.84518978409535","best_bid":"64210.24","best_ask":"64210.25","best_bid_quantity":"0.29839571","best_ask_quantity":"0.15217048"}]}]}}
{"seq":42,"ts_recorded":"2026-06-22T22:18:14.495274Z","exchange":"coinbase","channel":"ticker","payload":{"channel":"ticker","timestamp":"2026-06-22T22:18:14.493036454Z","sequence_num":44,"events":[{"type":"update","tickers":[{"type":"ticker","product_id":"BTC-USD","price":"64210.24","volume_24_h":"8046.44906666","low_24_h":"63171.19","high_24_h":"65553.39","low_52_w":"59073.01","high_52_w":"126296","price_percent_chg_24_h":"0.84518978409535","best_bid":"64210.24","best_ask":"64210.25","best_bid_quantity":"0.29839557","best_ask_quantity":"0.15217048"}]}]}}
{"seq":43,"ts_recorded":"2026-06-22T22:18:14.495350Z","exchange":"coinbase","channel":"market_trades","payload":{"channel":"market_trades","timestamp":"2026-06-22T22:18:14.493206919Z","sequence_num":45,"events":[{"type":"update","trades":[{"product_id":"ETH-USD","trade_id":"820519876","price":"1730.91","size":"0.48256672","time":"2026-06-22T22:18:14.45416Z","side":"SELL"}]}]}}
{"seq":44,"ts_recorded":"2026-06-22T22:18:14.585125Z","exchange":"coinbase","channel":"ticker","payload":{"channel":"ticker","timestamp":"2026-06-22T22:18:14.582858088Z","sequence_num":46,"events":[{"type":"update","tickers":[{"type":"ticker","product_id":"ETH-USD","price":"1730.86","volume_24_h":"119009.77387206","low_24_h":"1702.1","high_24_h":"1777.83","low_52_w":"1505","high_52_w":"4955.9","price_percent_chg_24_h":"0.87772467653573","best_bid":"1730.86","best_ask":"1730.91","best_bid_quantity":"0.00000018","best_ask_quantity":"0.48256672"}]}]}}
{"seq":45,"ts_recorded":"2026-06-22T22:18:14.594747Z","exchange":"coinbase","channel":"market_trades","payload":{"channel":"market_trades","timestamp":"2026-06-22T22:18:14.592795295Z","sequence_num":47,"events":[{"type":"update","trades":[{"product_id":"ETH-USD","trade_id":"820519879","price":"1730.87","size":"0.24121527","time":"2026-06-22T22:18:14.483358Z","side":"BUY"},{"product_id":"ETH-USD","trade_id":"820519878","price":"1730.87","size":"1.6875","time":"2026-06-22T22:18:14.483358Z","side":"BUY"},{"product_id":"ETH-USD","trade_id":"820519877","price":"1730.87","size":"0.08217973","time":"2026-06-22T22:18:14.483358Z","side":"BUY"}]}]}}
{"seq":46,"ts_recorded":"2026-06-22T22:18:14.647846Z","exchange":"coinbase","channel":"ticker","payload":{"channel":"ticker","timestamp":"2026-06-22T22:18:14.646508194Z","sequence_num":48,"events":[{"type":"update","tickers":[{"type":"ticker","product_id":"ETH-USD","price":"1730.86","volume_24_h":"119009.77387206","low_24_h":"1702.1","high_24_h":"1777.83","low_52_w":"1505","high_52_w":"4955.9","price_percent_chg_24_h":"0.87772467653573","best_bid":"1730.86","best_ask":"1730.88","best_bid_quantity":"0.00000018","best_ask_quantity":"1.26950215"}]}]}}
{"seq":47,"ts_recorded":"2026-06-22T22:18:14.746998Z","exchange":"coinbase","channel":"ticker","payload":{"channel":"ticker","timestamp":"2026-06-22T22:18:14.745419975Z","sequence_num":49,"events":[{"type":"update","tickers":[{"type":"ticker","product_id":"BTC-USD","price":"64210.24","volume_24_h":"8046.44906666","low_24_h":"63171.19","high_24_h":"65553.39","low_52_w":"59073.01","high_52_w":"126296","price_percent_chg_24_h":"0.84518978409535","best_bid":"64210.24","best_ask":"64210.25","best_bid_quantity":"0.3046251","best_ask_quantity":"0.15217048"}]}]}}
{"seq":48,"ts_recorded":"2026-06-22T22:18:14.775067Z","exchange":"coinbase","channel":"ticker","payload":{"channel":"ticker","timestamp":"2026-06-22T22:18:14.773193656Z","sequence_num":50,"events":[{"type":"update","tickers":[{"type":"ticker","product_id":"BTC-USD","price":"64211.77","volume_24_h":"8046.44906666","low_24_h":"63171.19","high_24_h":"65553.39","low_52_w":"59073.01","high_52_w":"126296","price_percent_chg_24_h":"0.84759272076667","best_bid":"64210.24","best_ask":"64210.25","best_bid_quantity":"0.3046251","best_ask_quantity":"0.15217048"}]}]}}
{"seq":49,"ts_recorded":"2026-06-22T22:18:14.794903Z","exchange":"coinbase","channel":"market_trades","payload":{"channel":"market_trades","timestamp":"2026-06-22T22:18:14.793048136Z","sequence_num":51,"events":[{"type":"update","trades":[{"product_id":"ETH-USD","trade_id":"820519881","price":"1730.88","size":"0.40289095","time":"2026-06-22T22:18:14.689956Z","side":"SELL"},{"product_id":"ETH-USD","trade_id":"820519880","price":"1730.88","size":"0.8666112","time":"2026-06-22T22:18:14.689956Z","side":"SELL"}]}]}}
{"seq":50,"ts_recorded":"2026-06-22T22:18:14.828118Z","exchange":"coinbase","channel":"ticker","payload":{"channel":"ticker","timestamp":"2026-06-22T22:18:14.825963721Z","sequence_num":52,"events":[{"type":"update","tickers":[{"type":"ticker","product_id":"ETH-USD","price":"1730.87","volume_24_h":"119029.85761131","low_24_h":"1702.1","high_24_h":"1777.83","low_52_w":"1505","high_52_w":"4955.9","price_percent_chg_24_h":"0.87830749504604","best_bid":"1730.86","best_ask":"1730.88","best_bid_quantity":"0.00000018","best_ask_quantity":"1.26950215"}]}]}}
{"seq":51,"ts_recorded":"2026-06-22T22:18:14.896911Z","exchange":"coinbase","channel":"ticker","payload":{"channel":"ticker","timestamp":"2026-06-22T22:18:14.895350155Z","sequence_num":53,"events":[{"type":"update","tickers":[{"type":"ticker","product_id":"ETH-USD","price":"1730.87","volume_24_h":"119029.85761131","low_24_h":"1702.1","high_24_h":"1777.83","low_52_w":"1505","high_52_w":"4955.9","price_percent_chg_24_h":"0.87830749504604","best_bid":"1730.87","best_ask":"1730.96","best_bid_quantity":"2.0505629","best_ask_quantity":"0.20139623"}]}]}}
{"seq":52,"ts_recorded":"2026-06-22T22:18:14.978501Z","exchange":"coinbase","channel":"ticker","payload":{"channel":"ticker","timestamp":"2026-06-22T22:18:14.976804773Z","sequence_num":54,"events":[{"type":"update","tickers":[{"type":"ticker","product_id":"SOL-USD","price":"72.57","volume_24_h":"753935.03512473","low_24_h":"72.19","high_24_h":"74.92","low_52_w":"60.11","high_52_w":"253.61","price_percent_chg_24_h":"-0.77932731747334","best_bid":"72.57","best_ask":"72.58","best_bid_quantity":"70.26503828","best_ask_quantity":"19.85577525"}]}]}}
{"seq":53,"ts_recorded":"2026-06-22T22:18:15.014995Z","exchange":"coinbase","channel":"market_trades","payload":{"channel":"market_trades","timestamp":"2026-06-22T22:18:15.013439205Z","sequence_num":55,"events":[{"type":"update","trades":[{"product_id":"SOL-USD","trade_id":"342164399","price":"72.58","size":"1.36420008","time":"2026-06-22T22:18:14.920233Z","side":"SELL"}]}]}}
{"seq":54,"ts_recorded":"2026-06-22T22:18:15.081563Z","exchange":"coinbase","channel":"ticker","payload":{"channel":"ticker","timestamp":"2026-06-22T22:18:15.08059132Z","sequence_num":56,"events":[{"type":"update","tickers":[{"type":"ticker","product_id":"ETH-USD","price":"1730.88","volume_24_h":"119029.85761131","low_24_h":"1702.1","high_24_h":"1777.83","low_52_w":"1505","high_52_w":"4955.9","price_percent_chg_24_h":"0.87889031355636","best_bid":"1730.87","best_ask":"1730.96","best_bid_quantity":"2.0505629","best_ask_quantity":"0.20139623"}]}]}}
{"seq":55,"ts_recorded":"2026-06-22T22:18:15.148872Z","exchange":"coinbase","channel":"ticker","payload":{"channel":"ticker","timestamp":"2026-06-22T22:18:15.146823951Z","sequence_num":57,"events":[{"type":"update","tickers":[{"type":"ticker","product_id":"ETH-USD","price":"1730.88","volume_24_h":"119029.85761131","low_24_h":"1702.1","high_24_h":"1777.83","low_52_w":"1505","high_52_w":"4955.9","price_percent_chg_24_h":"0.87889031355636","best_bid":"1730.86","best_ask":"1730.87","best_bid_quantity":"0.00000018","best_ask_quantity":"0.20139623"}]}]}}
{"seq":56,"ts_recorded":"2026-06-22T22:18:15.225702Z","exchange":"coinbase","channel":"ticker","payload":{"channel":"ticker","timestamp":"2026-06-22T22:18:15.224137244Z","sequence_num":58,"events":[{"type":"update","tickers":[{"type":"ticker","product_id":"SOL-USD","price":"72.58","volume_24_h":"753935.03512473","low_24_h":"72.19","high_24_h":"74.92","low_52_w":"60.11","high_52_w":"253.61","price_percent_chg_24_h":"-0.76565490839486","best_bid":"72.57","best_ask":"72.58","best_bid_quantity":"70.26503828","best_ask_quantity":"19.85577525"}]}]}}
{"seq":57,"ts_recorded":"2026-06-22T22:18:15.246533Z","exchange":"coinbase","channel":"ticker","payload":{"channel":"ticker","timestamp":"2026-06-22T22:18:15.244653983Z","sequence_num":59,"events":[{"type":"update","tickers":[{"type":"ticker","product_id":"BTC-USD","price":"64211.77","volume_24_h":"8046.44906666","low_24_h":"63171.19","high_24_h":"65553.39","low_52_w":"59073.01","high_52_w":"126296","price_percent_chg_24_h":"0.84759272076667","best_bid":"64210.24","best_ask":"64210.25","best_bid_quantity":"0.3046251","best_ask_quantity":"0.16462954"}]}]}}
{"seq":58,"ts_recorded":"2026-06-22T22:18:15.399904Z","exchange":"coinbase","channel":"ticker","payload":{"channel":"ticker","timestamp":"2026-06-22T22:18:15.397477149Z","sequence_num":60,"events":[{"type":"update","tickers":[{"type":"ticker","product_id":"ETH-USD","price":"1730.88","volume_24_h":"119029.85761131","low_24_h":"1702.1","high_24_h":"1777.83","low_52_w":"1505","high_52_w":"4955.9","price_percent_chg_24_h":"0.87889031355636","best_bid":"1730.86","best_ask":"1730.87","best_bid_quantity":"1.6875","best_ask_quantity":"0.20139623"}]}]}}
{"seq":59,"ts_recorded":"2026-06-22T22:18:15.414002Z","exchange":"coinbase","channel":"market_trades","payload":{"channel":"market_trades","timestamp":"2026-06-22T22:18:15.412358903Z","sequence_num":61,"events":[{"type":"update","trades":[{"product_id":"SOL-USD","trade_id":"342164400","price":"72.58","size":"1.3390988","time":"2026-06-22T22:18:15.382057Z","side":"SELL"}]}]}}
{"seq":60,"ts_recorded":"2026-06-22T22:18:15.423664Z","exchange":"coinbase","channel":"market_trades","payload":{"channel":"market_trades","timestamp":"2026-06-22T22:18:15.422035632Z","sequence_num":62,"events":[{"type":"update","trades":[{"product_id":"BTC-USD","trade_id":"1041648546","price":"64210.24","size":"0.00000024","time":"2026-06-22T22:18:15.379541Z","side":"BUY"},{"product_id":"BTC-USD","trade_id":"1041648545","price":"64210.24","size":"0.00000003","time":"2026-06-22T22:18:15.376887Z","side":"BUY"}]}]}}
{"seq":61,"ts_recorded":"2026-06-22T22:18:15.477979Z","exchange":"coinbase","channel":"ticker","payload":{"channel":"ticker","timestamp":"2026-06-22T22:18:15.476129197Z","sequence_num":63,"events":[{"type":"update","tickers":[{"type":"ticker","product_id":"SOL-USD","price":"72.58","volume_24_h":"753935.03512473","low_24_h":"72.19","high_24_h":"74.92","low_52_w":"60.11","high_52_w":"253.61","price_percent_chg_24_h":"-0.76565490839486","best_bid":"72.57","best_ask":"72.58","best_bid_quantity":"74.10081228","best_ask_quantity":"17.24247433"}]}]}}
{"seq":62,"ts_recorded":"2026-06-22T22:18:15.497011Z","exchange":"coinbase","channel":"ticker","payload":{"channel":"ticker","timestamp":"2026-06-22T22:18:15.493673676Z","sequence_num":64,"events":[{"type":"update","tickers":[{"type":"ticker","product_id":"BTC-USD","price":"64211.77","volume_24_h":"8046.44906666","low_24_h":"63171.19","high_24_h":"65553.39","low_52_w":"59073.01","high_52_w":"126296","price_percent_chg_24_h":"0.84759272076667","best_bid":"64210.24","best_ask":"64210.25","best_bid_quantity":"0.30462483","best_ask_quantity":"0.16462954"}]}]}}
{"seq":63,"ts_recorded":"2026-06-22T22:18:15.519876Z","exchange":"coinbase","channel":"ticker","payload":{"channel":"ticker","timestamp":"2026-06-22T22:18:15.51816482Z","sequence_num":65,"events":[{"type":"update","tickers":[{"type":"ticker","product_id":"BTC-USD","price":"64210.24","volume_24_h":"8046.44906666","low_24_h":"63171.19","high_24_h":"65553.39","low_52_w":"59073.01","high_52_w":"126296","price_percent_chg_24_h":"0.84518978409535","best_bid":"64210.24","best_ask":"64210.25","best_bid_quantity":"0.30462483","best_ask_quantity":"0.16462954"}]}]}}
{"seq":64,"ts_recorded":"2026-06-22T22:18:15.647960Z","exchange":"coinbase","channel":"ticker","payload":{"channel":"ticker","timestamp":"2026-06-22T22:18:15.645777664Z","sequence_num":66,"events":[{"type":"update","tickers":[{"type":"ticker","product_id":"ETH-USD","price":"1730.88","volume_24_h":"119029.85761131","low_24_h":"1702.1","high_24_h":"1777.83","low_52_w":"1505","high_52_w":"4955.9","price_percent_chg_24_h":"0.87889031355636","best_bid":"1730.81","best_ask":"1730.85","best_bid_quantity":"3.20493408","best_ask_quantity":"0.20139623"}]}]}}
{"seq":65,"ts_recorded":"2026-06-22T22:18:15.726983Z","exchange":"coinbase","channel":"market_trades","payload":{"channel":"market_trades","timestamp":"2026-06-22T22:18:15.72479444Z","sequence_num":67,"events":[{"type":"update","trades":[{"product_id":"BTC-USD","trade_id":"1041648547","price":"64210.24","size":"0.00005389","time":"2026-06-22T22:18:15.453001Z","side":"BUY"}]}]}}
{"seq":66,"ts_recorded":"2026-06-22T22:18:15.746089Z","exchange":"coinbase","channel":"ticker","payload":{"channel":"ticker","timestamp":"2026-06-22T22:18:15.744315121Z","sequence_num":68,"events":[{"type":"update","tickers":[{"type":"ticker","product_id":"BTC-USD","price":"64210.24","volume_24_h":"8046.44906666","low_24_h":"63171.19","high_24_h":"65553.39","low_52_w":"59073.01","high_52_w":"126296","price_percent_chg_24_h":"0.84518978409535","best_bid":"64210.24","best_ask":"64210.25","best_bid_quantity":"0.30457094","best_ask_quantity":"0.16462954"}]}]}}
{"seq":67,"ts_recorded":"2026-06-22T22:18:15.898081Z","exchange":"coinbase","channel":"ticker","payload":{"channel":"ticker","timestamp":"2026-06-22T22:18:15.895554954Z","sequence_num":69,"events":[{"type":"update","tickers":[{"type":"ticker","product_id":"ETH-USD","price":"1730.88","volume_24_h":"119029.85761131","low_24_h":"1702.1","high_24_h":"1777.83","low_52_w":"1505","high_52_w":"4955.9","price_percent_chg_24_h":"0.87889031355636","best_bid":"1730.84","best_ask":"1730.98","best_bid_quantity":"2.0505629","best_ask_quantity":"0.20139623"}]}]}}
{"seq":68,"ts_recorded":"2026-06-22T22:18:15.978095Z","exchange":"coinbase","channel":"ticker","payload":{"channel":"ticker","timestamp":"2026-06-22T22:18:15.976662442Z","sequence_num":70,"events":[{"type":"update","tickers":[{"type":"ticker","product_id":"SOL-USD","price":"72.58","volume_24_h":"753935.03512473","low_24_h":"72.19","high_24_h":"74.92","low_52_w":"60.11","high_52_w":"253.61","price_percent_chg_24_h":"-0.76565490839486","best_bid":"72.56","best_ask":"72.57","best_bid_quantity":"37.78744646","best_ask_quantity":"41.98950304"}]}]}}
{"seq":69,"ts_recorded":"2026-06-22T22:18:15.993930Z","exchange":"coinbase","channel":"market_trades","payload":{"channel":"market_trades","timestamp":"2026-06-22T22:18:15.992213578Z","sequence_num":71,"events":[{"type":"update","trades":[{"product_id":"ETH-USD","trade_id":"820519883","price":"1730.73","size":"0.18147818","time":"2026-06-22T22:18:15.952746Z","side":"BUY"},{"product_id":"ETH-USD","trade_id":"820519882","price":"1730.72","size":"0.3630629","time":"2026-06-22T22:18:15.94735Z","side":"BUY"}]}]}}
{"seq":70,"ts_recorded":"2026-06-22T22:18:15.998657Z","exchange":"coinbase","channel":"ticker","payload":{"channel":"ticker","timestamp":"2026-06-22T22:18:15.996128129Z","sequence_num":72,"events":[{"type":"update","tickers":[{"type":"ticker","product_id":"BTC-USD","price":"64210.24","volume_24_h":"8046.44906666","low_24_h":"63171.19","high_24_h":"65553.39","low_52_w":"59073.01","high_52_w":"126296","price_percent_chg_24_h":"0.84518978409535","best_bid":"64202.41","best_ask":"64203.89","best_bid_quantity":"0.10000825","best_ask_quantity":"0.255247"}]}]}}
{"seq":71,"ts_recorded":"2026-06-22T22:18:16.014713Z","exchange":"coinbase","channel":"market_trades","payload":{"channel":"market_trades","timestamp":"2026-06-22T22:18:16.0127897Z","sequence_num":73,"events":[{"type":"update","trades":[{"product_id":"SOL-USD","trade_id":"342164403","price":"72.57","size":"3.835774","time":"2026-06-22T22:18:15.911798Z","side":"BUY"},{"product_id":"SOL-USD","trade_id":"342164402","price":"72.57","size":"2.49520738","time":"2026-06-22T22:18:15.911798Z","side":"BUY"},{"product_id":"SOL-USD","trade_id":"342164401","price":"72.57","size":"14.0398309","time":"2026-06-22T22:18:15.911792Z","side":"BUY"}]}]}}
{"seq":72,"ts_recorded":"2026-06-22T22:18:16.024668Z","exchange":"coinbase","channel":"market_trades","payload":{"channel":"market_trades","timestamp":"2026-06-22T22:18:16.02373764Z","sequence_num":74,"events":[{"type":"update","trades":[{"product_id":"BTC-USD","trade_id":"1041648561","price":"64205.28","size":"0.0007709","time":"2026-06-22T22:18:15.93481Z","side":"SELL"},{"product_id":"BTC-USD","trade_id":"1041648560","price":"64205.28","size":"0.00073853","time":"2026-06-22T22:18:15.92987Z","side":"SELL"},{"product_id":"BTC-USD","trade_id":"1041648559","price":"64207.33","size":"0.0115","time":"2026-06-22T22:18:15.918734Z","side":"BUY"},{"product_id":"BTC-USD","trade_id":"1041648558","price":"64208.24","size":"0.00021451","time":"2026-06-22T22:18:15.915038Z","side":"BUY"},{"product_id":"BTC-USD","trade_id":"1041648557","price":"64208.24","size":"0.00004516","time":"2026-06-22T22:18:15.915038Z","side":"BUY"},{"product_id":"BTC-USD","trade_id":"1041648556","price":"64208.29","size":"0.1380043","time":"2026-06-22T22:18:15.915038Z","side":"BUY"},{"product_id":"BTC-USD","trade_id":"1041648555","price":"64208.32","size":"0.09362222","time":"2026-06-22T22:18:15.915038Z","side":"BUY"},{"product_id":"BTC-USD","trade_id":"1041648554","price":"64208.33","size":"0.12459442","time":"2026-06-22T22:18:15.915038Z","side":"BUY"},{"product_id":"BTC-USD","trade_id":"1041648553","price":"64210.24","size":"0.00622953","time":"2026-06-22T22:18:15.914066Z","side":"BUY"},{"product_id":"BTC-USD","trade_id":"1041648552","price":"64210.24","size":"0.00002152","time":"2026-06-22T22:18:15.914066Z","side":"BUY"},{"product_id":"BTC-USD","trade_id":"1041648551","price":"64210.24","size":"0.03114441","time":"2026-06-22T22:18:15.914066Z","side":"BUY"},{"product_id":"BTC-USD","trade_id":"1041648550","price":"64210.24","size":"0.00026693","time":"2026-06-22T22:18:15.914066Z","side":"BUY"},{"product_id":"BTC-USD","trade_id":"1041648549","price":"64210.24","size":"0.00930691","time":"2026-06-22T22:18:15.914066Z","side":"BUY"},{"product_id":"BTC-USD","trade_id":"1041648548","price":"64210.24","size":"0.0061127","time":"2026-06-22T22:18:15.911392Z","side":"BUY"}]}]}}
{"seq":73,"ts_recorded":"2026-06-22T22:18:16.153122Z","exchange":"coinbase","channel":"ticker","payload":{"channel":"ticker","timestamp":"2026-06-22T22:18:16.151318473Z","sequence_num":75,"events":[{"type":"update","tickers":[{"type":"ticker","product_id":"ETH-USD","price":"1730.88","volume_24_h":"119029.85761131","low_24_h":"1702.1","high_24_h":"1777.83","low_52_w":"1505","high_52_w":"4955.9","price_percent_chg_24_h":"0.87889031355636","best_bid":"1730.69","best_ask":"1730.9","best_bid_quantity":"2.01495181","best_ask_quantity":"0.311"}]}]}}
{"seq":74,"ts_recorded":"2026-06-22T22:18:16.198113Z","exchange":"coinbase","channel":"market_trades","payload":{"channel":"market_trades","timestamp":"2026-06-22T22:18:16.193887563Z","sequence_num":76,"events":[{"type":"update","trades":[{"product_id":"ETH-USD","trade_id":"820519887","price":"1730.9","size":"0.311","time":"2026-06-22T22:18:16.10755Z","side":"SELL"},{"product_id":"ETH-USD","trade_id":"820519886","price":"1730.8","size":"0.311","time":"2026-06-22T22:18:16.10755Z","side":"SELL"},{"product_id":"ETH-USD","trade_id":"820519885","price":"1730.78","size":"0.05767221","time":"2026-06-22T22:18:16.10755Z","side":"SELL"},{"product_id":"ETH-USD","trade_id":"820519884","price":"1730.77","size":"0.47359112","time":"2026-06-22T22:18:16.10755Z","side":"SELL"}]}]}}
{"seq":75,"ts_recorded":"2026-06-22T22:18:16.224006Z","exchange":"coinbase","channel":"market_trades","payload":{"channel":"market_trades","timestamp":"2026-06-22T22:18:16.222526767Z","sequence_num":77,"events":[{"type":"update","trades":[{"product_id":"BTC-USD","trade_id":"1041648562","price":"64202.41","size":"0.00003114","time":"2026-06-22T22:18:16.162766Z","side":"BUY"}]}]}}
{"seq":76,"ts_recorded":"2026-06-22T22:18:16.228557Z","exchange":"coinbase","channel":"ticker","payload":{"channel":"ticker","timestamp":"2026-06-22T22:18:16.227271301Z","sequence_num":78,"events":[{"type":"update","tickers":[{"type":"ticker","product_id":"SOL-USD","price":"72.58","volume_24_h":"753935.03512473","low_24_h":"72.19","high_24_h":"74.92","low_52_w":"60.11","high_52_w":"253.61","price_percent_chg_24_h":"-0.76565490839486","best_bid":"72.56","best_ask":"72.57","best_bid_quantity":"28.73","best_ask_quantity":"41.98950304"}]}]}}
{"seq":77,"ts_recorded":"2026-06-22T22:18:16.253182Z","exchange":"coinbase","channel":"ticker","payload":{"channel":"ticker","timestamp":"2026-06-22T22:18:16.250793411Z","sequence_num":79,"events":[{"type":"update","tickers":[{"type":"ticker","product_id":"BTC-USD","price":"64210.24","volume_24_h":"8046.44906666","low_24_h":"63171.19","high_24_h":"65553.39","low_52_w":"59073.01","high_52_w":"126296","price_percent_chg_24_h":"0.84518978409535","best_bid":"64202.41","best_ask":"64202.42","best_bid_quantity":"0.10000371","best_ask_quantity":"0.74669268"}]}]}}
{"seq":78,"ts_recorded":"2026-06-22T22:18:16.260491Z","exchange":"coinbase","channel":"ticker","payload":{"channel":"ticker","timestamp":"2026-06-22T22:18:16.258882904Z","sequence_num":80,"events":[{"type":"update","tickers":[{"type":"ticker","product_id":"BTC-USD","price":"64205.28","volume_24_h":"8046.44906666","low_24_h":"63171.19","high_24_h":"65553.39","low_52_w":"59073.01","high_52_w":"126296","price_percent_chg_24_h":"0.83739987174914","best_bid":"64202.41","best_ask":"64202.42","best_bid_quantity":"0.10000371","best_ask_quantity":"0.74669268"}]}]}}
{"seq":79,"ts_recorded":"2026-06-22T22:18:16.311291Z","exchange":"coinbase","channel":"ticker","payload":{"channel":"ticker","timestamp":"2026-06-22T22:18:16.309128737Z","sequence_num":81,"events":[{"type":"update","tickers":[{"type":"ticker","product_id":"SOL-USD","price":"72.57","volume_24_h":"753935.03512473","low_24_h":"72.19","high_24_h":"74.92","low_52_w":"60.11","high_52_w":"253.61","price_percent_chg_24_h":"-0.77932731747334","best_bid":"72.56","best_ask":"72.57","best_bid_quantity":"28.73","best_ask_quantity":"41.98950304"}]}]}}
{"seq":80,"ts_recorded":"2026-06-22T22:18:16.337526Z","exchange":"coinbase","channel":"ticker","payload":{"channel":"ticker","timestamp":"2026-06-22T22:18:16.332582511Z","sequence_num":82,"events":[{"type":"update","tickers":[{"type":"ticker","product_id":"ETH-USD","price":"1730.9","volume_24_h":"119029.85761131","low_24_h":"1702.1","high_24_h":"1777.83","low_52_w":"1505","high_52_w":"4955.9","price_percent_chg_24_h":"0.88005595057699","best_bid":"1730.69","best_ask":"1730.9","best_bid_quantity":"2.01495181","best_ask_quantity":"0.311"}]}]}}
{"seq":81,"ts_recorded":"2026-06-22T22:18:16.393995Z","exchange":"coinbase","channel":"market_trades","payload":{"channel":"market_trades","timestamp":"2026-06-22T22:18:16.392460728Z","sequence_num":83,"events":[{"type":"update","trades":[{"product_id":"ETH-USD","trade_id":"820519890","price":"1730.88","size":"1.6255927","time":"2026-06-22T22:18:16.321289Z","side":"SELL"},{"product_id":"ETH-USD","trade_id":"820519889","price":"1730.87","size":"0.05767221","time":"2026-06-22T22:18:16.321289Z","side":"SELL"},{"product_id":"ETH-USD","trade_id":"820519888","price":"1730.82","size":"0.23673509","time":"2026-06-22T22:18:16.321289Z","side":"SELL"}]}]}}
{"seq":82,"ts_recorded":"2026-06-22T22:18:16.396656Z","exchange":"coinbase","channel":"ticker","payload":{"channel":"ticker","timestamp":"2026-06-22T22:18:16.39472958Z","sequence_num":84,"events":[{"type":"update","tickers":[{"type":"ticker","product_id":"ETH-USD","price":"1730.9","volume_24_h":"119029.85761131","low_24_h":"1702.1","high_24_h":"1777.83","low_52_w":"1505","high_52_w":"4955.9","price_percent_chg_24_h":"0.88005595057699","best_bid":"1730.71","best_ask":"1730.86","best_bid_quantity":"2.13329961","best_ask_quantity":"1.07181625"}]}]}}
{"seq":83,"ts_recorded":"2026-06-22T22:18:16.478172Z","exchange":"coinbase","channel":"ticker","payload":{"channel":"ticker","timestamp":"2026-06-22T22:18:16.476158284Z","sequence_num":85,"events":[{"type":"update","tickers":[{"type":"ticker","product_id":"SOL-USD","price":"72.57","volume_24_h":"753935.03512473","low_24_h":"72.19","high_24_h":"74.92","low_52_w":"60.11","high_52_w":"253.61","price_percent_chg_24_h":"-0.77932731747334","best_bid":"72.56","best_ask":"72.57","best_bid_quantity":"52.15281182","best_ask_quantity":"5.53589964"}]}]}}
{"seq":84,"ts_recorded":"2026-06-22T22:18:16.494073Z","exchange":"coinbase","channel":"market_trades","payload":{"channel":"market_trades","timestamp":"2026-06-22T22:18:16.492199418Z","sequence_num":86,"events":[{"type":"update","trades":[{"product_id":"ETH-USD","trade_id":"820519891","price":"1730.85","size":"0.00343192","time":"2026-06-22T22:18:16.366752Z","side":"SELL"}]}]}}
{"seq":85,"ts_recorded":"2026-06-22T22:18:16.494797Z","exchange":"coinbase","channel":"ticker","payload":{"channel":"ticker","timestamp":"2026-06-22T22:18:16.493552827Z","sequence_num":87,"events":[{"type":"update","tickers":[{"type":"ticker","product_id":"BTC-USD","price":"64205.28","volume_24_h":"8046.44906666","low_24_h":"63171.19","high_24_h":"65553.39","low_52_w":"59073.01","high_52_w":"126296","price_percent_chg_24_h":"0.83739987174914","best_bid":"64202.41","best_ask":"64202.42","best_bid_quantity":"0.10000371","best_ask_quantity":"0.58113568"}]}]}}
{"seq":86,"ts_recorded":"2026-06-22T22:18:16.514853Z","exchange":"coinbase","channel":"market_trades","payload":{"channel":"market_trades","timestamp":"2026-06-22T22:18:16.512777963Z","sequence_num":88,"events":[{"type":"update","trades":[{"product_id":"SOL-USD","trade_id":"342164404","price":"72.57","size":"0.06821","time":"2026-06-22T22:18:16.420723Z","side":"SELL"}]}]}}
{"seq":87,"ts_recorded":"2026-06-22T22:18:16.525789Z","exchange":"coinbase","channel":"ticker","payload":{"channel":"ticker","timestamp":"2026-06-22T22:18:16.524087796Z","sequence_num":89,"events":[{"type":"update","tickers":[{"type":"ticker","product_id":"BTC-USD","price":"64202.42","volume_24_h":"8046.44906666","low_24_h":"63171.19","high_24_h":"65553.39","low_52_w":"59073.01","high_52_w":"126296","price_percent_chg_24_h":"0.83290810777532","best_bid":"64202.41","best_ask":"64202.42","best_bid_quantity":"0.10000371","best_ask_quantity":"0.58113568"}]}]}}
{"seq":88,"ts_recorded":"2026-06-22T22:18:16.527377Z","exchange":"coinbase","channel":"market_trades","payload":{"channel":"market_trades","timestamp":"2026-06-22T22:18:16.525494295Z","sequence_num":90,"events":[{"type":"update","trades":[{"product_id":"BTC-USD","trade_id":"1041648563","price":"64202.42","size":"0.001241","time":"2026-06-22T22:18:16.404868Z","side":"SELL"}]}]}}
{"seq":89,"ts_recorded":"2026-06-22T22:18:16.581695Z","exchange":"coinbase","channel":"ticker","payload":{"channel":"ticker","timestamp":"2026-06-22T22:18:16.580038314Z","sequence_num":91,"events":[{"type":"update","tickers":[{"type":"ticker","product_id":"ETH-USD","price":"1730.85","volume_24_h":"119029.85761131","low_24_h":"1702.1","high_24_h":"1777.83","low_52_w":"1505","high_52_w":"4955.9","price_percent_chg_24_h":"0.87714185802541","best_bid":"1730.71","best_ask":"1730.86","best_bid_quantity":"2.13329961","best_ask_quantity":"1.07181625"}]}]}}
{"seq":90,"ts_recorded":"2026-06-22T22:18:16.594453Z","exchange":"coinbase","channel":"market_trades","payload":{"channel":"market_trades","timestamp":"2026-06-22T22:18:16.59293896Z","sequence_num":92,"events":[{"type":"update","trades":[{"product_id":"ETH-USD","trade_id":"820519893","price":"1730.85","size":"0.00171549","time":"2026-06-22T22:18:16.545656Z","side":"SELL"},{"product_id":"ETH-USD","trade_id":"820519892","price":"1730.85","size":"0.11491589","time":"2026-06-22T22:18:16.545656Z","side":"SELL"}]}]}}
{"seq":91,"ts_recorded":"2026-06-22T22:18:16.647431Z","exchange":"coinbase","channel":"ticker","payload":{"channel":"ticker","timestamp":"2026-06-22T22:18:16.646199195Z","sequence_num":93,"events":[{"type":"update","tickers":[{"type":"ticker","product_id":"ETH-USD","price":"1730.85","volume_24_h":"119029.85761131","low_24_h":"1702.1","high_24_h":"1777.83","low_52_w":"1505","high_52_w":"4955.9","price_percent_chg_24_h":"0.87714185802541","best_bid":"1730.77","best_ask":"1730.78","best_bid_quantity":"0.50581369","best_ask_quantity":"0.86666127"}]}]}}
{"seq":92,"ts_recorded":"2026-06-22T22:18:16.693594Z","exchange":"coinbase","channel":"market_trades","payload":{"channel":"market_trades","timestamp":"2026-06-22T22:18:16.692173725Z","sequence_num":94,"events":[{"type":"update","trades":[{"product_id":"ETH-USD","trade_id":"820519894","price":"1730.77","size":"0.00057775","time":"2026-06-22T22:18:16.654933Z","side":"BUY"}]}]}}
{"seq":93,"ts_recorded":"2026-06-22T22:18:16.721346Z","exchange":"coinbase","channel":"market_trades","payload":{"channel":"market_trades","timestamp":"2026-06-22T22:18:16.72053569Z","sequence_num":95,"events":[{"type":"update","trades":[{"product_id":"BTC-USD","trade_id":"1041648565","price":"64202.41","size":"0.00000006","time":"2026-06-22T22:18:16.696801Z","side":"BUY"},{"product_id":"BTC-USD","trade_id":"1041648564","price":"64202.42","size":"0.00010407","time":"2026-06-22T22:18:16.658282Z","side":"SELL"}]}]}}
{"seq":94,"ts_recorded":"2026-06-22T22:18:16.727284Z","exchange":"coinbase","channel":"ticker","payload":{"channel":"ticker","timestamp":"2026-06-22T22:18:16.726338199Z","sequence_num":96,"events":[{"type":"update","tickers":[{"type":"ticker","product_id":"SOL-USD","price":"72.57","volume_24_h":"753935.03512473","low_24_h":"72.19","high_24_h":"74.92","low_52_w":"60.11","high_52_w":"253.61","price_percent_chg_24_h":"-0.77932731747334","best_bid":"72.56","best_ask":"72.57","best_bid_quantity":"64.34651312","best_ask_quantity":"5.53589964"}]}]}}
{"seq":95,"ts_recorded":"2026-06-22T22:18:16.745646Z","exchange":"coinbase","channel":"ticker","payload":{"channel":"ticker","timestamp":"2026-06-22T22:18:16.744268971Z","sequence_num":97,"events":[{"type":"update","tickers":[{"type":"ticker","product_id":"BTC-USD","price":"64202.42","volume_24_h":"8046.44906666","low_24_h":"63171.19","high_24_h":"65553.39","low_52_w":"59073.01","high_52_w":"126296","price_percent_chg_24_h":"0.83290810777532","best_bid":"64202.41","best_ask":"64202.42","best_bid_quantity":"0.1311478","best_ask_quantity":"0.56613568"}]}]}}
{"seq":96,"ts_recorded":"2026-06-22T22:18:16.793664Z","exchange":"coinbase","channel":"market_trades","payload":{"channel":"market_trades","timestamp":"2026-06-22T22:18:16.792530564Z","sequence_num":98,"events":[{"type":"update","trades":[{"product_id":"ETH-USD","trade_id":"820519896","price":"1730.77","size":"0.05829765","time":"2026-06-22T22:18:16.703018Z","side":"BUY"},{"product_id":"ETH-USD","trade_id":"820519895","price":"1730.77","size":"0.44693735","time":"2026-06-22T22:18:16.703018Z","side":"BUY"}]}]}}
{"seq":97,"ts_recorded":"2026-06-22T22:18:16.896160Z","exchange":"coinbase","channel":"ticker","payload":{"channel":"ticker","timestamp":"2026-06-22T22:18:16.894702449Z","sequence_num":99,"events":[{"type":"update","tickers":[{"type":"ticker","product_id":"ETH-USD","price":"1730.85","volume_24_h":"119029.85761131","low_24_h":"1702.1","high_24_h":"1777.83","low_52_w":"1505","high_52_w":"4955.9","price_percent_chg_24_h":"0.87714185802541","best_bid":"1730.73","best_ask":"1730.75","best_bid_quantity":"1.15437118","best_ask_quantity":"0.31113569"}]}]}}
{"seq":98,"ts_recorded":"2026-06-22T22:18:16.994227Z","exchange":"coinbase","channel":"market_trades","payload":{"channel":"market_trades","timestamp":"2026-06-22T22:18:16.992389886Z","sequence_num":100,"events":[{"type":"update","trades":[{"product_id":"ETH-USD","trade_id":"820519897","price":"1730.75","size":"0.31113569","time":"2026-06-22T22:18:16.892719Z","side":"SELL"}]}]}}
{"seq":99,"ts_recorded":"2026-06-22T22:18:16.995553Z","exchange":"coinbase","channel":"ticker","payload":{"channel":"ticker","timestamp":"2026-06-22T22:18:16.994066764Z","sequence_num":101,"events":[{"type":"update","tickers":[{"type":"ticker","product_id":"BTC-USD","price":"64202.42","volume_24_h":"8046.44906666","low_24_h":"63171.19","high_24_h":"65553.39","low_52_w":"59073.01","high_52_w":"126296","price_percent_chg_24_h":"0.83290810777532","best_bid":"64202.41","best_ask":"64202.42","best_bid_quantity":"0.13163899","best_ask_quantity":"0.38549734"}]}]}}
{"seq":100,"ts_recorded":"2026-06-22T22:18:17.018914Z","exchange":"coinbase","channel":"ticker","payload":{"channel":"ticker","timestamp":"2026-06-22T22:18:17.017276596Z","sequence_num":102,"events":[{"type":"update","tickers":[{"type":"ticker","product_id":"BTC-USD","price":"64202.41","volume_24_h":"8046.44906666","low_24_h":"63171.19","high_24_h":"65553.39","low_52_w":"59073.01","high_52_w":"126296","price_percent_chg_24_h":"0.83289240230688","best_bid":"64202.41","best_ask":"64202.42","best_bid_quantity":"0.13163899","best_ask_quantity":"0.38549734"}]}]}}
{"seq":101,"ts_recorded":"2026-06-22T22:18:17.081067Z","exchange":"coinbase","channel":"ticker","payload":{"channel":"ticker","timestamp":"2026-06-22T22:18:17.07935022Z","sequence_num":103,"events":[{"type":"update","tickers":[{"type":"ticker","product_id":"ETH-USD","price":"1730.75","volume_24_h":"119029.85761131","low_24_h":"1702.1","high_24_h":"1777.83","low_52_w":"1505","high_52_w":"4955.9","price_percent_chg_24_h":"0.87131367292225","best_bid":"1730.73","best_ask":"1730.75","best_bid_quantity":"1.15437118","best_ask_quantity":"0.31113569"}]}]}}
{"seq":102,"ts_recorded":"2026-06-22T22:18:17.124000Z","exchange":"coinbase","channel":"market_trades","payload":{"channel":"market_trades","timestamp":"2026-06-22T22:18:17.121556176Z","sequence_num":104,"events":[{"type":"update","trades":[{"product_id":"BTC-USD","trade_id":"1041648566","price":"64202.42","size":"0.00073853","time":"2026-06-22T22:18:17.078604Z","side":"SELL"}]}]}}
{"seq":103,"ts_recorded":"2026-06-22T22:18:17.149780Z","exchange":"coinbase","channel":"ticker","payload":{"channel":"ticker","timestamp":"2026-06-22T22:18:17.14776503Z","sequence_num":105,"events":[{"type":"update","tickers":[{"type":"ticker","product_id":"ETH-USD","price":"1730.75","volume_24_h":"119029.85761131","low_24_h":"1702.1","high_24_h":"1777.83","low_52_w":"1505","high_52_w":"4955.9","price_percent_chg_24_h":"0.87131367292225","best_bid":"1730.73","best_ask":"1730.76","best_bid_quantity":"1.15437118","best_ask_quantity":"0.1555247"}]}]}}
{"seq":104,"ts_recorded":"2026-06-22T22:18:17.228981Z","exchange":"coinbase","channel":"ticker","payload":{"channel":"ticker","timestamp":"2026-06-22T22:18:17.226406682Z","sequence_num":106,"events":[{"type":"update","tickers":[{"type":"ticker","product_id":"SOL-USD","price":"72.57","volume_24_h":"753935.03512473","low_24_h":"72.19","high_24_h":"74.92","low_52_w":"60.11","high_52_w":"253.61","price_percent_chg_24_h":"-0.77932731747334","best_bid":"72.56","best_ask":"72.57","best_bid_quantity":"89.34651312","best_ask_quantity":"1.28139364"}]}]}}
{"seq":105,"ts_recorded":"2026-06-22T22:18:17.246986Z","exchange":"coinbase","channel":"ticker","payload":{"channel":"ticker","timestamp":"2026-06-22T22:18:17.24466491Z","sequence_num":107,"events":[{"type":"update","tickers":[{"type":"ticker","product_id":"BTC-USD","price":"64202.41","volume_24_h":"8046.44906666","low_24_h":"63171.19","high_24_h":"65553.39","low_52_w":"59073.01","high_52_w":"126296","price_percent_chg_24_h":"0.83289240230688","best_bid":"64202.41","best_ask":"64202.42","best_bid_quantity":"0.13163899","best_ask_quantity":"0.38475881"}]}]}}
{"seq":106,"ts_recorded":"2026-06-22T22:18:17.256819Z","exchange":"coinbase","channel":"ticker","payload":{"channel":"ticker","timestamp":"2026-06-22T22:18:17.255408273Z","sequence_num":108,"events":[{"type":"update","tickers":[{"type":"ticker","product_id":"BTC-USD","price":"64202.42","volume_24_h":"8046.44906666","low_24_h":"63171.19","high_24_h":"65553.39","low_52_w":"59073.01","high_52_w":"126296","price_percent_chg_24_h":"0.83290810777532","best_bid":"64202.41","best_ask":"64202.42","best_bid_quantity":"0.13163899","best_ask_quantity":"0.38475881"}]}]}}
{"seq":107,"ts_recorded":"2026-06-22T22:18:17.293849Z","exchange":"coinbase","channel":"market_trades","payload":{"channel":"market_trades","timestamp":"2026-06-22T22:18:17.29275151Z","sequence_num":109,"events":[{"type":"update","trades":[{"product_id":"ETH-USD","trade_id":"820519899","price":"1730.86","size":"0.01429991","time":"2026-06-22T22:18:17.270804Z","side":"SELL"},{"product_id":"ETH-USD","trade_id":"820519898","price":"1730.76","size":"0.1555247","time":"2026-06-22T22:18:17.204208Z","side":"SELL"}]}]}}
{"seq":108,"ts_recorded":"2026-06-22T22:18:17.397232Z","exchange":"coinbase","channel":"ticker","payload":{"channel":"ticker","timestamp":"2026-06-22T22:18:17.394747742Z","sequence_num":110,"events":[{"type":"update","tickers":[{"type":"ticker","product_id":"ETH-USD","price":"1730.75","volume_24_h":"119029.85761131","low_24_h":"1702.1","high_24_h":"1777.83","low_52_w":"1505","high_52_w":"4955.9","price_percent_chg_24_h":"0.87131367292225","best_bid":"1730.74","best_ask":"1730.84","best_bid_quantity":"0.4932515","best_ask_quantity":"0.07058884"}]}]}}
{"seq":109,"ts_recorded":"2026-06-22T22:18:17.574224Z","exchange":"coinbase","channel":"ticker","payload":{"channel":"ticker","timestamp":"2026-06-22T22:18:17.571299945Z","sequence_num":111,"events":[{"type":"update","tickers":[{"type":"ticker","product_id":"ETH-USD","price":"1730.86","volume_24_h":"119029.85761131","low_24_h":"1702.1","high_24_h":"1777.83","low_52_w":"1505","high_52_w":"4955.9","price_percent_chg_24_h":"0.87772467653573","best_bid":"1730.74","best_ask":"1730.84","best_bid_quantity":"0.4932515","best_ask_quantity":"0.07058884"}]}]}}
{"seq":110,"ts_recorded":"2026-06-22T22:18:17.594034Z","exchange":"coinbase","channel":"market_trades","payload":{"channel":"market_trades","timestamp":"2026-06-22T22:18:17.592220032Z","sequence_num":112,"events":[{"type":"update","trades":[{"product_id":"ETH-USD","trade_id":"820519901","price":"1730.81","size":"0.03529442","time":"2026-06-22T22:18:17.515655Z","side":"SELL"},{"product_id":"ETH-USD","trade_id":"820519900","price":"1730.81","size":"0.03529442","time":"2026-06-22T22:18:17.515655Z","side":"SELL"}]}]}}
