{"seq":0,"ts_recorded":"2026-06-22T23:06:00.344138Z","exchange":"coinbase","channel":"market_trades","payload":{"channel":"market_trades","timestamp":"2026-06-22T23:05:59.985848635Z","sequence_num":0,"events":[{"type":"snapshot","trades":[{"product_id":"BTC-USD","trade_id":"1041669827","price":"63877.08","size":"0.00000004","time":"2026-06-22T23:05:59.850121Z","side":"BUY"},{"product_id":"BTC-USD","trade_id":"1041669826","price":"63877.08","size":"0.00000005","time":"2026-06-22T23:05:59.843075Z","side":"BUY"},{"product_id":"BTC-USD","trade_id":"1041669825","price":"63877.08","size":"0.00000022","time":"2026-06-22T23:05:58.593022Z","side":"BUY"},{"product_id":"BTC-USD","trade_id":"1041669824","price":"63877.08","size":"0.0000002","time":"2026-06-22T23:05:58.544765Z","side":"BUY"},{"product_id":"BTC-USD","trade_id":"1041669823","price":"63877.08","size":"0.00000006","time":"2026-06-22T23:05:57.534594Z","side":"BUY"},{"product_id":"BTC-USD","trade_id":"1041669822","price":"63877.08","size":"0.00000004","time":"2026-06-22T23:05:57.524384Z","side":"BUY"},{"product_id":"BTC-USD","trade_id":"1041669821","price":"63877.08","size":"0.00000007","time":"2026-06-22T23:05:56.576813Z","side":"BUY"},{"product_id":"BTC-USD","trade_id":"1041669820","price":"63879.13","size":"0.0626142","time":"2026-06-22T23:05:56.544281Z","side":"BUY"},{"product_id":"BTC-USD","trade_id":"1041669819","price":"63879.29","size":"0.1252362","time":"2026-06-22T23:05:56.544281Z","side":"BUY"},{"product_id":"BTC-USD","trade_id":"1041669818","price":"63879.65","size":"0.00626177","time":"2026-06-22T23:05:56.544281Z","side":"BUY"},{"product_id":"BTC-USD","trade_id":"1041669817","price":"63879.65","size":"0.00002166","time":"2026-06-22T23:05:56.544281Z","side":"BUY"},{"product_id":"BTC-USD","trade_id":"1041669816","price":"63879.65","size":"0.00003068","time":"2026-06-22T23:05:56.544281Z","side":"BUY"},{"product_id":"BTC-USD","trade_id":"1041669815","price":"63879.65","size":"0.0000612","time":"2026-06-22T23:05:56.544281Z","side":"BUY"},{"product_id":"BTC-USD","trade_id":"1041669814","price":"63879.65","size":"0.00009987","time":"2026-06-22T23:05:56.544281Z","side":"BUY"},{"product_id":"BTC-USD","trade_id":"1041669813","price":"63879.65","size":"0.00031532","time":"2026-06-22T23:05:56.544281Z","side":"BUY"},{"product_id":"BTC-USD","trade_id":"1041669812","price":"63879.65","size":"0.1","time":"2026-06-22T23:05:56.544281Z","side":"BUY"},{"product_id":"BTC-USD","trade_id":"1041669811","price":"63879.65","size":"0.00000004","time":"2026-06-22T23:05:55.809908Z","side":"BUY"},{"product_id":"BTC-USD","trade_id":"1041669810","price":"63879.65","size":"0.00000003","time":"2026-06-22T23:05:55.332156Z","side":"BUY"},{"product_id":"BTC-USD","trade_id":"1041669809","price":"63879.66","size":"0.00002976","time":"2026-06-22T23:05:55.051767Z","side":"SELL"},{"product_id":"BTC-USD","trade_id":"1041669808","price":"63879.65","size":"0.0000001","time":"2026-06-22T23:05:54.803847Z","side":"BUY"},{"product_id":"BTC-USD","trade_id":"1041669807","price":"63879.65","size":"0.0000001","time":"2026-06-22T23:05:54.29515Z","side":"BUY"},{"product_id":"BTC-USD","trade_id":"1041669806","price":"63879.66","size":"0.0000186","time":"2026-06-22T23:05:54.062769Z","side":"SELL"},{"product_id":"BTC-USD","trade_id":"1041669805","price":"63879.66","size":"0.00068453","time":"2026-06-22T23:05:54.050389Z","side":"SELL"},{"product_id":"BTC-USD","trade_id":"1041669804","price":"63879.65","size":"0.00000019","time":"2026-06-22T23:05:53.809889Z","side":"BUY"},{"product_id":"BTC-USD","trade_id":"1041669803","price":"63879.65","size":"0.00000018","time":"2026-06-22T23:05:53.257871Z","side":"BUY"},{"product_id":"BTC-USD","trade_id":"1041669802","price":"63879.65","size":"0.00000003","time":"2026-06-22T23:05:52.743723Z","side":"BUY"},{"product_id":"BTC-USD","trade_id":"1041669801","price":"63879.66","size":"0.0065","time":"2026-06-22T23:05:52.558615Z","side":"SELL"},{"product_id":"BTC-USD","trade_id":"1041669800","price":"63879.66","size":"0.00001753","time":"2026-06-22T23:05:52.167944Z","side":"SELL"},{"product_id":"BTC-USD","trade_id":"1041669799","price":"63879.65","size":"0.00000007","time":"2026-06-22T23:05:52.0864Z","side":"BUY"},{"product_id":"BTC-USD","trade_id":"1041669798","price":"63879.66","size":"0.00123983","time":"2026-06-22T23:05:52.042022Z","side":"SELL"},{"product_id":"BTC-USD","trade_id":"1041669797","price":"63879.65","size":"0.00000019","time":"2026-06-22T23:05:51.694774Z","side":"BUY"},{"product_id":"BTC-USD","trade_id":"1041669796","price":"63879.65","size":"0.00034641","time":"2026-06-22T23:05:51.324585Z","side":"BUY"},{"product_id":"BTC-USD","trade_id":"1041669795","price":"63879.65","size":"0.00002173","time":"2026-06-22T23:05:51.324585Z","side":"BUY"},{"product_id":"BTC-USD","trade_id":"1041669794","price":"63879.65","size":"0.00002927","time":"2026-06-22T23:05:51.324585Z","side":"BUY"},{"product_id":"BTC-USD","trade_id":"1041669793","price":"63879.65","size":"0.00001455","time":"2026-06-22T23:05:51.324585Z","side":"BUY"},{"product_id":"BTC-USD","trade_id":"1041669792","price":"63879.65","size":"0.00005752","time":"2026-06-22T23:05:51.324585Z","side":"BUY"},{"product_id":"BTC-USD","trade_id":"1041669791","price":"63879.65","size":"0.00000005","time":"2026-06-22T23:05:50.907216Z","side":"BUY"},{"product_id":"BTC-USD","trade_id":"1041669790","price":"63879.65","size":"0.00000008","time":"2026-06-22T23:05:50.152781Z","side":"BUY"},{"product_id":"BTC-USD","trade_id":"1041669789","price":"63879.65","size":"0.00000004","time":"2026-06-22T23:05:49.914596Z","side":"BUY"},{"product_id":"BTC-USD","trade_id":"1041669788","price":"63879.66","size":"0.00015496","time":"2026-06-22T23:05:49.500225Z","side":"SELL"},{"product_id":"BTC-USD","trade_id":"1041669787","price":"63879.65","size":"0.00000003","time":"2026-06-22T23:05:48.741462Z","side":"BUY"},{"product_id":"BTC-USD","trade_id":"1041669786","price":"63879.66","size":"0.00076056","time":"2026-06-22T23:05:48.138996Z","side":"SELL"},{"product_id":"BTC-USD","trade_id":"1041669785","price":"63879.65","size":"0.00000004","time":"2026-06-22T23:05:47.699984Z","side":"BUY"},{"product_id":"BTC-USD","trade_id":"1041669784","price":"63879.66","size":"0.00232445","time":"2026-06-22T23:05:47.63701Z","side":"SELL"},{"product_id":"BTC-USD","trade_id":"1041669783","price":"63879.65","size":"0.00000022","time":"2026-06-22T23:05:47.326423Z","side":"BUY"},{"product_id":"BTC-USD","trade_id":"1041669782","price":"63879.66","size":"0.00007748","time":"2026-06-22T23:05:46.844851Z","side":"SELL"},{"product_id":"BTC-USD","trade_id":"1041669781","price":"63879.66","size":"0.00038741","time":"2026-06-22T23:05:46.756751Z","side":"SELL"},{"product_id":"BTC-USD","trade_id":"1041669780","price":"63879.66","size":"0.00015109","time":"2026-06-22T23:05:46.529502Z","side":"SELL"},{"product_id":"BTC-USD","trade_id":"1041669779","price":"63879.66","size":"0.00001721","time":"2026-06-22T23:05:46.461532Z","side":"SELL"},{"product_id":"BTC-USD","trade_id":"1041669778","price":"63879.66","size":"0.00077482","time":"2026-06-22T23:05:46.255585Z","side":"SELL"},{"product_id":"BTC-USD","trade_id":"1041669777","price":"63879.66","size":"0.00023245","time":"2026-06-22T23:05:46.252506Z","side":"SELL"},{"product_id":"BTC-USD","trade_id":"1041669776","price":"63879.65","size":"0.00000004","time":"2026-06-22T23:05:46.17084Z","side":"BUY"},{"product_id":"BTC-USD","trade_id":"1041669775","price":"63879.66","size":"0.00038028","time":"2026-06-22T23:05:46.159907Z","side":"SELL"},{"product_id":"BTC-USD","trade_id":"1041669774","price":"63879.65","size":"0.00000007","time":"2026-06-22T23:05:46.10229Z","side":"BUY"},{"product_id":"BTC-USD","trade_id":"1041669773","price":"63879.66","size":"0.00023245","time":"2026-06-22T23:05:46.091623Z","side":"SELL"},{"product_id":"BTC-USD","trade_id":"1041669772","price":"63879.66","size":"0.00154964","time":"2026-06-22T23:05:45.594481Z","side":"SELL"},{"product_id":"BTC-USD","trade_id":"1041669771","price":"63879.65","size":"0.00000006","time":"2026-06-22T23:05:45.103135Z","side":"BUY"},{"product_id":"BTC-USD","trade_id":"1041669770","price":"63879.65","size":"0.00000004","time":"2026-06-22T23:05:44.799111Z","side":"BUY"},{"product_id":"BTC-USD","trade_id":"1041669769","price":"63879.65","size":"0.00001546","time":"2026-06-22T23:05:44.651304Z","side":"BUY"},{"product_id":"BTC-USD","trade_id":"1041669768","price":"63879.65","size":"0.00030092","time":"2026-06-22T23:05:44.562783Z","side":"BUY"},{"product_id":"BTC-USD","trade_id":"1041669767","price":"63880.64","size":"0.00035769","time":"2026-06-22T23:05:44.562783Z","side":"BUY"},{"product_id":"BTC-USD","trade_id":"1041669766","price":"63880.64","size":"0.00004539","time":"2026-06-22T23:05:44.562783Z","side":"BUY"},{"product_id":"BTC-USD","trade_id":"1041669765","price":"63880.64","size":"0.00002269","time":"2026-06-22T23:05:44.562783Z","side":"BUY"},{"product_id":"BTC-USD","trade_id":"1041669764","price":"63880.64","size":"0.00004583","time":"2026-06-22T23:05:44.562783Z","side":"BUY"},{"product_id":"BTC-USD","trade_id":"1041669763","price":"63880.64","size":"0.00001795","time":"2026-06-22T23:05:44.562783Z","side":"BUY"},{"product_id":"BTC-USD","trade_id":"1041669762","price":"63880.65","size":"0.00014846","time":"2026-06-22T23:05:44.560691Z","side":"SELL"},{"product_id":"BTC-USD","trade_id":"1041669761","price":"63880.65","size":"0.00098867","time":"2026-06-22T23:05:44.424251Z","side":"SELL"},{"product_id":"BTC-USD","trade_id":"1041669760","price":"63880.65","size":"0.0001046","time":"2026-06-22T23:05:44.29566Z","side":"SELL"},{"product_id":"BTC-USD","trade_id":"1041669759","price":"63880.65","size":"0.00076056","time":"2026-06-22T23:05:44.168488Z","side":"SELL"},{"product_id":"BTC-USD","trade_id":"1041669758","price":"63880.65","size":"0.00017495","time":"2026-06-22T23:05:44.102557Z","side":"SELL"},{"product_id":"BTC-USD","trade_id":"1041669757","price":"63880.65","size":"0.00001753","time":"2026-06-22T23:05:44.0083Z","side":"SELL"},{"product_id":"BTC-USD","trade_id":"1041669756","price":"63880.64","size":"0.00000003","time":"2026-06-22T23:05:43.919699Z","side":"BUY"},{"product_id":"BTC-USD","trade_id":"1041669755","price":"63880.64","size":"0.00000002","time":"2026-06-22T23:05:43.804554Z","side":"BUY"},{"product_id":"BTC-USD","trade_id":"1041669754","price":"63880.65","size":"0.00077482","time":"2026-06-22T23:05:43.575642Z","side":"SELL"},{"product_id":"BTC-USD","trade_id":"1041669753","price":"63880.65","size":"0.0046768","time":"2026-06-22T23:05:43.444294Z","side":"SELL"},{"product_id":"BTC-USD","trade_id":"1041669752","price":"63880.65","size":"0.00007361","time":"2026-06-22T23:05:43.355855Z","side":"SELL"},{"product_id":"BTC-USD","trade_id":"1041669751","price":"63883.13","size":"0.03741509","time":"2026-06-22T23:05:43.136924Z","side":"BUY"},{"product_id":"BTC-USD","trade_id":"1041669750","price":"63884.2","size":"0.000018","time":"2026-06-22T23:05:43.136924Z","side":"BUY"},{"product_id":"BTC-USD","trade_id":"1041669749","price":"63886","size":"0.01","time":"2026-06-22T23:05:43.132716Z","side":"BUY"},{"product_id":"BTC-USD","trade_id":"1041669748","price":"63886","size":"0.00004523","time":"2026-06-22T23:05:43.132716Z","side":"BUY"},{"product_id":"BTC-USD","trade_id":"1041669747","price":"63886","size":"0.00011191","time":"2026-06-22T23:05:43.132716Z","side":"BUY"},{"product_id":"BTC-USD","trade_id":"1041669746","price":"63886","size":"0.00002254","time":"2026-06-22T23:05:43.132716Z","side":"BUY"},{"product_id":"BTC-USD","trade_id":"1041669745","price":"63886","size":"0.00527417","time":"2026-06-22T23:05:43.132716Z","side":"BUY"},{"product_id":"BTC-USD","trade_id":"1041669744","price":"63886","size":"0.00098698","time":"2026-06-22T23:05:43.132615Z","side":"BUY"},{"product_id":"BTC-USD","trade_id":"1041669743","price":"63886","size":"0.0000217","time":"2026-06-22T23:05:43.132615Z","side":"BUY"},{"product_id":"BTC-USD","trade_id":"1041669742","price":"63886","size":"0.04372441","time":"2026-06-22T23:05:43.132615Z","side":"BUY"},{"product_id":"BTC-USD","trade_id":"1041669741","price":"63886","size":"0.01874766","time":"2026-06-22T23:05:43.132427Z","side":"BUY"},{"product_id":"BTC-USD","trade_id":"1041669740","price":"63886","size":"0.00000009","time":"2026-06-22T23:05:42.588567Z","side":"BUY"},{"product_id":"BTC-USD","trade_id":"1041669739","price":"63886","size":"0.0000002","time":"2026-06-22T23:05:42.516515Z","side":"BUY"},{"product_id":"BTC-USD","trade_id":"1041669738","price":"63886.01","size":"0.00085222","time":"2026-06-22T23:05:41.939821Z","side":"SELL"},{"product_id":"BTC-USD","trade_id":"1041669737","price":"63886","size":"0.00000017","time":"2026-06-22T23:05:41.590825Z","side":"BUY"},{"product_id":"BTC-USD","trade_id":"1041669736","price":"63886","size":"0.00012961","time":"2026-06-22T23:05:40.974834Z","side":"BUY"},{"product_id":"BTC-USD","trade_id":"1041669735","price":"63886","size":"0.00013853","time":"2026-06-22T23:05:40.974834Z","side":"BUY"},{"product_id":"BTC-USD","trade_id":"1041669734","price":"63886.01","size":"0.00232445","time":"2026-06-22T23:05:40.814423Z","side":"SELL"},{"product_id":"BTC-USD","trade_id":"1041669733","price":"63886","size":"0.0000003","time":"2026-06-22T23:05:40.544307Z","side":"BUY"},{"product_id":"BTC-USD","trade_id":"1041669732","price":"63886","size":"0.00000003","time":"2026-06-22T23:05:40.515252Z","side":"BUY"},{"product_id":"BTC-USD","trade_id":"1041669731","price":"63886","size":"0.00000015","time":"2026-06-22T23:05:40.362953Z","side":"BUY"},{"product_id":"BTC-USD","trade_id":"1041669730","price":"63886.01","size":"0.00103918","time":"2026-06-22T23:05:40.144046Z","side":"SELL"},{"product_id":"BTC-USD","trade_id":"1041669729","price":"63886","size":"0.00004193","time":"2026-06-22T23:05:39.993998Z","side":"BUY"},{"product_id":"BTC-USD","trade_id":"1041669728","price":"63886","size":"0.00009063","time":"2026-06-22T23:05:39.993998Z","side":"BUY"}]}]}}
{"seq":1,"ts_recorded":"2026-06-22T23:06:00.344271Z","exchange":"coinbase","channel":"market_trades","payload":{"channel":"market_trades","timestamp":"2026-06-22T23:05:59.986029128Z","sequence_num":1,"events":[{"type":"snapshot","trades":[{"product_id":"ETH-USD","trade_id":"820529079","price":"1722.91","size":"0.0000058","time":"2026-06-22T23:05:56.247206Z","side":"BUY"},{"product_id":"ETH-USD","trade_id":"820529078","price":"1722.91","size":"0.00513665","time":"2026-06-22T23:05:56.235265Z","side":"BUY"},{"product_id":"ETH-USD","trade_id":"820529077","price":"1722.9","size":"0.02821905","time":"2026-06-22T23:05:55.752816Z","side":"BUY"},{"product_id":"ETH-USD","trade_id":"820529076","price":"1722.95","size":"0.00074566","time":"2026-06-22T23:05:55.752816Z","side":"BUY"},{"product_id":"ETH-USD","trade_id":"820529075","price":"1722.95","size":"0.09399681","time":"2026-06-22T23:05:55.752816Z","side":"BUY"},{"product_id":"ETH-USD","trade_id":"820529074","price":"1722.96","size":"0.02872863","time":"2026-06-22T23:05:55.526747Z","side":"SELL"},{"product_id":"ETH-USD","trade_id":"820529073","price":"1722.95","size":"0.07029956","time":"2026-06-22T23:05:54.85647Z","side":"BUY"},{"product_id":"ETH-USD","trade_id":"820529072","price":"1722.94","size":"0.11009704","time":"2026-06-22T23:05:52.138861Z","side":"SELL"},{"product_id":"ETH-USD","trade_id":"820529071","price":"1723.07","size":"0.03538802","time":"2026-06-22T23:05:47.726536Z","side":"SELL"},{"product_id":"ETH-USD","trade_id":"820529070","price":"1723.04","size":"0.001","time":"2026-06-22T23:05:47.726536Z","side":"SELL"},{"product_id":"ETH-USD","trade_id":"820529069","price":"1722.83","size":"0.00873316","time":"2026-06-22T23:05:47.726536Z","side":"SELL"},{"product_id":"ETH-USD","trade_id":"820529068","price":"1722.82","size":"0.01740751","time":"2026-06-22T23:05:47.221865Z","side":"BUY"},{"product_id":"ETH-USD","trade_id":"820529067","price":"1722.82","size":"0.11499653","time":"2026-06-22T23:05:47.124473Z","side":"BUY"},{"product_id":"ETH-USD","trade_id":"820529066","price":"1722.82","size":"0.16641234","time":"2026-06-22T23:05:47.124473Z","side":"BUY"},{"product_id":"ETH-USD","trade_id":"820529065","price":"1722.83","size":"0.00287286","time":"2026-06-22T23:05:46.176018Z","side":"SELL"},{"product_id":"ETH-USD","trade_id":"820529064","price":"1722.83","size":"0.00287286","time":"2026-06-22T23:05:45.797698Z","side":"SELL"},{"product_id":"ETH-USD","trade_id":"820529063","price":"1722.83","size":"0.00845776","time":"2026-06-22T23:05:45.191601Z","side":"SELL"},{"product_id":"ETH-USD","trade_id":"820529062","price":"1722.83","size":"0.00056883","time":"2026-06-22T23:05:45.12813Z","side":"SELL"},{"product_id":"ETH-USD","trade_id":"820529061","price":"1722.81","size":"0.0027292","time":"2026-06-22T23:05:44.186631Z","side":"SELL"},{"product_id":"ETH-USD","trade_id":"820529060","price":"1722.8","size":"0.11635754","time":"2026-06-22T23:05:43.822719Z","side":"BUY"},{"product_id":"ETH-USD","trade_id":"820529059","price":"1722.7","size":"0.00788275","time":"2026-06-22T23:05:43.789218Z","side":"BUY"},{"product_id":"ETH-USD","trade_id":"820529058","price":"1722.71","size":"0.001","time":"2026-06-22T23:05:43.789218Z","side":"BUY"},{"product_id":"ETH-USD","trade_id":"820529057","price":"1722.8","size":"0.376","time":"2026-06-22T23:05:43.789218Z","side":"BUY"},{"product_id":"ETH-USD","trade_id":"820529056","price":"1722.82","size":"0.47141486","time":"2026-06-22T23:05:43.789218Z","side":"BUY"},{"product_id":"ETH-USD","trade_id":"820529055","price":"1722.82","size":"0.001","time":"2026-06-22T23:05:43.789218Z","side":"BUY"},{"product_id":"ETH-USD","trade_id":"820529054","price":"1723.05","size":"0.00077421","time":"2026-06-22T23:05:43.132073Z","side":"BUY"},{"product_id":"ETH-USD","trade_id":"820529053","price":"1723.05","size":"0.19047098","time":"2026-06-22T23:05:43.132073Z","side":"BUY"},{"product_id":"ETH-USD","trade_id":"820529052","price":"1723.06","size":"0.04229979","time":"2026-06-22T23:05:42.104984Z","side":"SELL"},{"product_id":"ETH-USD","trade_id":"820529051","price":"1723.03","size":"0.00172371","time":"2026-06-22T23:05:39.397706Z","side":"SELL"},{"product_id":"ETH-USD","trade_id":"820529050","price":"1723.02","size":"0.28084205","time":"2026-06-22T23:05:36.526491Z","side":"SELL"},{"product_id":"ETH-USD","trade_id":"820529049","price":"1723.05","size":"0.00765313","time":"2026-06-22T23:05:31.38206Z","side":"SELL"},{"product_id":"ETH-USD","trade_id":"820529048","price":"1723.14","size":"0.00161322","time":"2026-06-22T23:05:31.378001Z","side":"BUY"},{"product_id":"ETH-USD","trade_id":"820529047","price":"1723.06","size":"0.01084884","time":"2026-06-22T23:05:28.815692Z","side":"SELL"},{"product_id":"ETH-USD","trade_id":"820529046","price":"1723.06","size":"0.00067985","time":"2026-06-22T23:05:28.815692Z","side":"SELL"},{"product_id":"ETH-USD","trade_id":"820529045","price":"1723.06","size":"0.02639779","time":"2026-06-22T23:05:28.815692Z","side":"SELL"},{"product_id":"ETH-USD","trade_id":"820529044","price":"1723.06","size":"0.8655325","time":"2026-06-22T23:05:28.815692Z","side":"SELL"},{"product_id":"ETH-USD","trade_id":"820529043","price":"1723.06","size":"0.00056875","time":"2026-06-22T23:05:27.723369Z","side":"SELL"},{"product_id":"ETH-USD","trade_id":"820529042","price":"1723.06","size":"0.00114913","time":"2026-06-22T23:05:27.267542Z","side":"SELL"},{"product_id":"ETH-USD","trade_id":"820529041","price":"1723.05","size":"0.13005319","time":"2026-06-22T23:05:26.198569Z","side":"BUY"},{"product_id":"ETH-USD","trade_id":"820529040","price":"1723.06","size":"0.00329388","time":"2026-06-22T23:05:26.0074Z","side":"SELL"},{"product_id":"ETH-USD","trade_id":"820529039","price":"1723.01","size":"0.00715963","time":"2026-06-22T23:05:24.730288Z","side":"SELL"},{"product_id":"ETH-USD","trade_id":"820529038","price":"1723.11","size":"0.02872946","time":"2026-06-22T23:05:24.111367Z","side":"SELL"},{"product_id":"ETH-USD","trade_id":"820529037","price":"1722.99","size":"1.16098179","time":"2026-06-22T23:05:21.573393Z","side":"SELL"},{"product_id":"ETH-USD","trade_id":"820529036","price":"1722.9","size":"0.00273744","time":"2026-06-22T23:05:17.809248Z","side":"BUY"},{"product_id":"ETH-USD","trade_id":"820529035","price":"1722.91","size":"0.03666154","time":"2026-06-22T23:05:16.32248Z","side":"SELL"},{"product_id":"ETH-USD","trade_id":"820529034","price":"1723.01","size":"0.05355591","time":"2026-06-22T23:05:14.443679Z","side":"BUY"},{"product_id":"ETH-USD","trade_id":"820529033","price":"1723.04","size":"0.04405253","time":"2026-06-22T23:05:13.721643Z","side":"SELL"},{"product_id":"ETH-USD","trade_id":"820529032","price":"1723.05","size":"0.01774839","time":"2026-06-22T23:05:13.336118Z","side":"SELL"},{"product_id":"ETH-USD","trade_id":"820529031","price":"1723.04","size":"0.001","time":"2026-06-22T23:05:13.336118Z","side":"SELL"},{"product_id":"ETH-USD","trade_id":"820529030","price":"1722.93","size":"0.001","time":"2026-06-22T23:05:13.336118Z","side":"SELL"},{"product_id":"ETH-USD","trade_id":"820529029","price":"1722.85","size":"0.19999473","time":"2026-06-22T23:05:13.087371Z","side":"SELL"},{"product_id":"ETH-USD","trade_id":"820529028","price":"1722.82","size":"0.00043117","time":"2026-06-22T23:05:13.087371Z","side":"SELL"},{"product_id":"ETH-USD","trade_id":"820529027","price":"1722.82","size":"0.00056883","time":"2026-06-22T23:05:10.07974Z","side":"SELL"},{"product_id":"ETH-USD","trade_id":"820529026","price":"1722.75","size":"0.87070139","time":"2026-06-22T23:05:09.435536Z","side":"SELL"},{"product_id":"ETH-USD","trade_id":"820529025","price":"1722.74","size":"0.05798756","time":"2026-06-22T23:05:09.435536Z","side":"SELL"},{"product_id":"ETH-USD","trade_id":"820529024","price":"1722.71","size":"0.40039631","time":"2026-06-22T23:05:08.163334Z","side":"SELL"},{"product_id":"ETH-USD","trade_id":"820529023","price":"1722.71","size":"0.001","time":"2026-06-22T23:05:08.163334Z","side":"SELL"},{"product_id":"ETH-USD","trade_id":"820529022","price":"1722.66","size":"0.1536","time":"2026-06-22T23:05:07.182973Z","side":"SELL"},{"product_id":"ETH-USD","trade_id":"820529021","price":"1722.63","size":"0.87076156","time":"2026-06-22T23:05:07.182973Z","side":"SELL"},{"product_id":"ETH-USD","trade_id":"820529020","price":"1722.62","size":"0.05798756","time":"2026-06-22T23:05:07.182973Z","side":"SELL"},{"product_id":"ETH-USD","trade_id":"820529019","price":"1722.55","size":"0.03852229","time":"2026-06-22T23:05:06.459661Z","side":"SELL"},{"product_id":"ETH-USD","trade_id":"820529018","price":"1722.5","size":"1.15452379","time":"2026-06-22T23:05:05.813267Z","side":"SELL"},{"product_id":"ETH-USD","trade_id":"820529017","price":"1722.49","size":"0.00772154","time":"2026-06-22T23:05:05.813267Z","side":"SELL"},{"product_id":"ETH-USD","trade_id":"820529016","price":"1722.49","size":"0.04324533","time":"2026-06-22T23:05:05.812703Z","side":"SELL"},{"product_id":"ETH-USD","trade_id":"820529015","price":"1722.49","size":"0.00702069","time":"2026-06-22T23:05:05.612441Z","side":"SELL"},{"product_id":"ETH-USD","trade_id":"820529014","price":"1722.48","size":"0.01349368","time":"2026-06-22T23:05:05.612441Z","side":"SELL"},{"product_id":"ETH-USD","trade_id":"820529013","price":"1722.47","size":"0.00660595","time":"2026-06-22T23:05:03.615531Z","side":"BUY"},{"product_id":"ETH-USD","trade_id":"820529012","price":"1722.47","size":"0.02735289","time":"2026-06-22T23:05:02.787182Z","side":"BUY"},{"product_id":"ETH-USD","trade_id":"820529011","price":"1722.47","size":"1.90432711","time":"2026-06-22T23:05:02.787018Z","side":"BUY"},{"product_id":"ETH-USD","trade_id":"820529010","price":"1722.41","size":"0.87087278","time":"2026-06-22T23:05:02.780053Z","side":"SELL"},{"product_id":"ETH-USD","trade_id":"820529009","price":"1722.4","size":"0.05798756","time":"2026-06-22T23:05:02.780053Z","side":"SELL"},{"product_id":"ETH-USD","trade_id":"820529008","price":"1722.39","size":"0.23835","time":"2026-06-22T23:05:02.780053Z","side":"SELL"},{"product_id":"ETH-USD","trade_id":"820529007","price":"1722.49","size":"0.001","time":"2026-06-22T23:05:02.173074Z","side":"BUY"},{"product_id":"ETH-USD","trade_id":"820529006","price":"1722.6","size":"0.05","time":"2026-06-22T23:05:02.06155Z","side":"BUY"},{"product_id":"ETH-USD","trade_id":"820529005","price":"1722.6","size":"0.001","time":"2026-06-22T23:05:02.06155Z","side":"BUY"},{"product_id":"ETH-USD","trade_id":"820529004","price":"1722.69","size":"0.48223984","time":"2026-06-22T23:05:02.051244Z","side":"BUY"},{"product_id":"ETH-USD","trade_id":"820529003","price":"1722.69","size":"0.58638817","time":"2026-06-22T23:05:02.050774Z","side":"BUY"},{"product_id":"ETH-USD","trade_id":"820529002","price":"1722.71","size":"0.001","time":"2026-06-22T23:05:02.049529Z","side":"BUY"},{"product_id":"ETH-USD","trade_id":"820529001","price":"1722.76","size":"0.41061183","time":"2026-06-22T23:05:02.041094Z","side":"BUY"},{"product_id":"ETH-USD","trade_id":"820529000","price":"1722.76","size":"0.65738536","time":"2026-06-22T23:05:02.040719Z","side":"BUY"},{"product_id":"ETH-USD","trade_id":"820528999","price":"1722.82","size":"0.001","time":"2026-06-22T23:05:02.040719Z","side":"BUY"},{"product_id":"ETH-USD","trade_id":"820528998","price":"1722.82","size":"0.001","time":"2026-06-22T23:05:02.019277Z","side":"BUY"},{"product_id":"ETH-USD","trade_id":"820528997","price":"1722.93","size":"0.001","time":"2026-06-22T23:05:02.012437Z","side":"BUY"},{"product_id":"ETH-USD","trade_id":"820528996","price":"1723.04","size":"0.001","time":"2026-06-22T23:05:02.012437Z","side":"BUY"},{"product_id":"ETH-USD","trade_id":"820528995","price":"1723.1","size":"1.7276345","time":"2026-06-22T23:05:01.95814Z","side":"BUY"},{"product_id":"ETH-USD","trade_id":"820528994","price":"1723.1","size":"3.23695753","time":"2026-06-22T23:05:01.957559Z","side":"BUY"},{"product_id":"ETH-USD","trade_id":"820528993","price":"1723.1","size":"1.99859914","time":"2026-06-22T23:05:01.957437Z","side":"BUY"},{"product_id":"ETH-USD","trade_id":"820528992","price":"1723.1","size":"0.39729435","time":"2026-06-22T23:05:01.957309Z","side":"BUY"},{"product_id":"ETH-USD","trade_id":"820528991","price":"1723.1","size":"2.39831897","time":"2026-06-22T23:05:01.957296Z","side":"BUY"},{"product_id":"ETH-USD","trade_id":"820528990","price":"1723.1","size":"1.19918198","time":"2026-06-22T23:05:01.956461Z","side":"BUY"},{"product_id":"ETH-USD","trade_id":"820528989","price":"1723.1","size":"1.19917573","time":"2026-06-22T23:05:01.955972Z","side":"BUY"},{"product_id":"ETH-USD","trade_id":"820528988","price":"1723.1","size":"0.79937968","time":"2026-06-22T23:05:01.955441Z","side":"BUY"},{"product_id":"ETH-USD","trade_id":"820528987","price":"1723.1","size":"2.04345812","time":"2026-06-22T23:05:01.951564Z","side":"BUY"},{"product_id":"ETH-USD","trade_id":"820528986","price":"1723.15","size":"0.001","time":"2026-06-22T23:05:01.951564Z","side":"BUY"},{"product_id":"ETH-USD","trade_id":"820528985","price":"1723.21","size":"0.957","time":"2026-06-22T23:05:01.818604Z","side":"BUY"},{"product_id":"ETH-USD","trade_id":"820528984","price":"1723.25","size":"0.87044643","time":"2026-06-22T23:05:01.815886Z","side":"BUY"},{"product_id":"ETH-USD","trade_id":"820528983","price":"1723.26","size":"0.001","time":"2026-06-22T23:05:01.815886Z","side":"BUY"},{"product_id":"ETH-USD","trade_id":"820528982","price":"1723.27","size":"0.52323909","time":"2026-06-22T23:05:01.815886Z","side":"BUY"},{"product_id":"ETH-USD","trade_id":"820528981","price":"1723.28","size":"0.1553216","time":"2026-06-22T23:05:01.815886Z","side":"BUY"},{"product_id":"ETH-USD","trade_id":"820528980","price":"1723.29","size":"0.87354555","time":"2026-06-22T23:05:01.815886Z","side":"BUY"}]}]}}
{"seq":2,"ts_recorded":"2026-06-22T23:06:00.344337Z","exchange":"coinbase","channel":"market_trades","payload":{"channel":"market_trades","timestamp":"2026-06-22T23:05:59.986252071Z","sequence_num":2,"events":[{"type":"snapshot","trades":[{"product_id":"SOL-USD","trade_id":"342170900","price":"71.9","size":"0.7874933","time":"2026-06-22T23:05:56.203339Z","side":"BUY"},{"product_id":"SOL-USD","trade_id":"342170899","price":"71.91","size":"0.01821121","time":"2026-06-22T23:05:55.535247Z","side":"SELL"},{"product_id":"SOL-USD","trade_id":"342170898","price":"71.9","size":"1.5044783","time":"2026-06-22T23:05:52.991303Z","side":"SELL"},{"product_id":"SOL-USD","trade_id":"342170897","price":"71.9","size":"1.5045217","time":"2026-06-22T23:05:52.991303Z","side":"SELL"},{"product_id":"SOL-USD","trade_id":"342170896","price":"71.89","size":"7.06750729","time":"2026-06-22T23:05:47.413504Z","side":"SELL"},{"product_id":"SOL-USD","trade_id":"342170895","price":"71.89","size":"6.95507024","time":"2026-06-22T23:05:47.413504Z","side":"SELL"},{"product_id":"SOL-USD","trade_id":"342170894","price":"71.88","size":"0.016","time":"2026-06-22T23:05:43.541506Z","side":"BUY"},{"product_id":"SOL-USD","trade_id":"342170893","price":"71.89","size":"3","time":"2026-06-22T23:05:43.206016Z","side":"BUY"},{"product_id":"SOL-USD","trade_id":"342170892","price":"71.89","size":"0.016","time":"2026-06-22T23:05:43.206016Z","side":"BUY"},{"product_id":"SOL-USD","trade_id":"342170891","price":"71.9","size":"6","time":"2026-06-22T23:05:43.133596Z","side":"BUY"},{"product_id":"SOL-USD","trade_id":"342170890","price":"71.9","size":"4.38372537","time":"2026-06-22T23:05:43.130392Z","side":"BUY"},{"product_id":"SOL-USD","trade_id":"342170889","price":"71.9","size":"0.016","time":"2026-06-22T23:05:43.130392Z","side":"BUY"},{"product_id":"SOL-USD","trade_id":"342170888","price":"71.9","size":"8.31539423","time":"2026-06-22T23:05:43.130392Z","side":"BUY"},{"product_id":"SOL-USD","trade_id":"342170887","price":"71.91","size":"1.98191316","time":"2026-06-22T23:05:43.130392Z","side":"BUY"},{"product_id":"SOL-USD","trade_id":"342170886","price":"71.9","size":"5.97620252","time":"2026-06-22T23:05:43.122595Z","side":"BUY"},{"product_id":"SOL-USD","trade_id":"342170885","price":"71.9","size":"4.473386","time":"2026-06-22T23:05:43.122595Z","side":"BUY"},{"product_id":"SOL-USD","trade_id":"342170884","price":"71.91","size":"16.68693645","time":"2026-06-22T23:05:43.121891Z","side":"BUY"},{"product_id":"SOL-USD","trade_id":"342170883","price":"71.91","size":"1.38756619","time":"2026-06-22T23:05:43.121891Z","side":"BUY"},{"product_id":"SOL-USD","trade_id":"342170882","price":"71.91","size":"14.96053831","time":"2026-06-22T23:05:43.121891Z","side":"BUY"},{"product_id":"SOL-USD","trade_id":"342170881","price":"71.91","size":"2.42065543","time":"2026-06-22T23:05:43.121736Z","side":"BUY"},{"product_id":"SOL-USD","trade_id":"342170880","price":"71.91","size":"2.79748577","time":"2026-06-22T23:05:43.121736Z","side":"BUY"},{"product_id":"SOL-USD","trade_id":"342170879","price":"71.92","size":"6.95216907","time":"2026-06-22T23:05:43.121332Z","side":"BUY"},{"product_id":"SOL-USD","trade_id":"342170878","price":"71.93","size":"0.32977052","time":"2026-06-22T23:05:42.870536Z","side":"SELL"},{"product_id":"SOL-USD","trade_id":"342170877","price":"71.93","size":"0.13424896","time":"2026-06-22T23:05:42.495951Z","side":"SELL"},{"product_id":"SOL-USD","trade_id":"342170876","price":"71.93","size":"0.01376912","time":"2026-06-22T23:05:42.236176Z","side":"SELL"},{"product_id":"SOL-USD","trade_id":"342170875","price":"71.93","size":"0.68855195","time":"2026-06-22T23:05:41.21769Z","side":"SELL"},{"product_id":"SOL-USD","trade_id":"342170874","price":"71.93","size":"0.00465369","time":"2026-06-22T23:05:41.05042Z","side":"SELL"},{"product_id":"SOL-USD","trade_id":"342170873","price":"71.93","size":"0.016","time":"2026-06-22T23:05:41.05042Z","side":"SELL"},{"product_id":"SOL-USD","trade_id":"342170872","price":"71.93","size":"0.55170097","time":"2026-06-22T23:05:40.857533Z","side":"SELL"},{"product_id":"SOL-USD","trade_id":"342170871","price":"71.92","size":"0.016","time":"2026-06-22T23:05:40.857533Z","side":"SELL"},{"product_id":"SOL-USD","trade_id":"342170870","price":"71.92","size":"0.97881919","time":"2026-06-22T23:05:40.185245Z","side":"SELL"},{"product_id":"SOL-USD","trade_id":"342170869","price":"71.91","size":"0.016","time":"2026-06-22T23:05:40.185245Z","side":"SELL"},{"product_id":"SOL-USD","trade_id":"342170868","price":"71.9","size":"18.04500437","time":"2026-06-22T23:05:38.739103Z","side":"SELL"},{"product_id":"SOL-USD","trade_id":"342170867","price":"71.9","size":"2.36894577","time":"2026-06-22T23:05:38.739103Z","side":"SELL"},{"product_id":"SOL-USD","trade_id":"342170866","price":"71.9","size":"0.03608267","time":"2026-06-22T23:05:37.182432Z","side":"SELL"},{"product_id":"SOL-USD","trade_id":"342170865","price":"71.89","size":"6.814","time":"2026-06-22T23:05:34.046512Z","side":"SELL"},{"product_id":"SOL-USD","trade_id":"342170864","price":"71.89","size":"0.13763381","time":"2026-06-22T23:05:33.686279Z","side":"SELL"},{"product_id":"SOL-USD","trade_id":"342170863","price":"71.88","size":"0.47540384","time":"2026-06-22T23:05:31.909183Z","side":"BUY"},{"product_id":"SOL-USD","trade_id":"342170862","price":"71.88","size":"0.016","time":"2026-06-22T23:05:31.909183Z","side":"BUY"},{"product_id":"SOL-USD","trade_id":"342170861","price":"71.89","size":"0.65926595","time":"2026-06-22T23:05:31.68284Z","side":"SELL"},{"product_id":"SOL-USD","trade_id":"342170860","price":"71.89","size":"3.414","time":"2026-06-22T23:05:31.272344Z","side":"BUY"},{"product_id":"SOL-USD","trade_id":"342170859","price":"71.89","size":"6.95323614","time":"2026-06-22T23:05:31.272344Z","side":"BUY"},{"product_id":"SOL-USD","trade_id":"342170858","price":"71.89","size":"42.20614827","time":"2026-06-22T23:05:31.272344Z","side":"BUY"},{"product_id":"SOL-USD","trade_id":"342170857","price":"71.89","size":"13.57073306","time":"2026-06-22T23:05:31.272344Z","side":"BUY"},{"product_id":"SOL-USD","trade_id":"342170856","price":"71.89","size":"33.75","time":"2026-06-22T23:05:31.272344Z","side":"BUY"},{"product_id":"SOL-USD","trade_id":"342170855","price":"71.89","size":"0.016","time":"2026-06-22T23:05:31.272344Z","side":"BUY"},{"product_id":"SOL-USD","trade_id":"342170854","price":"71.9","size":"17.38083016","time":"2026-06-22T23:05:31.272344Z","side":"BUY"},{"product_id":"SOL-USD","trade_id":"342170853","price":"71.9","size":"5.0900903","time":"2026-06-22T23:05:31.272344Z","side":"BUY"},{"product_id":"SOL-USD","trade_id":"342170852","price":"71.9","size":"3.11850376","time":"2026-06-22T23:05:31.265088Z","side":"BUY"},{"product_id":"SOL-USD","trade_id":"342170851","price":"71.9","size":"0.016","time":"2026-06-22T23:05:31.265088Z","side":"BUY"},{"product_id":"SOL-USD","trade_id":"342170850","price":"71.92","size":"2.7916392","time":"2026-06-22T23:05:31.264205Z","side":"BUY"},{"product_id":"SOL-USD","trade_id":"342170849","price":"71.93","size":"0.3983039","time":"2026-06-22T23:05:30.111192Z","side":"SELL"},{"product_id":"SOL-USD","trade_id":"342170848","price":"71.92","size":"0.00002158","time":"2026-06-22T23:05:28.879602Z","side":"SELL"},{"product_id":"SOL-USD","trade_id":"342170847","price":"71.92","size":"2.4167","time":"2026-06-22T23:05:28.830968Z","side":"SELL"},{"product_id":"SOL-USD","trade_id":"342170846","price":"71.91","size":"18.65020242","time":"2026-06-22T23:05:28.700051Z","side":"BUY"},{"product_id":"SOL-USD","trade_id":"342170845","price":"71.91","size":"0.016","time":"2026-06-22T23:05:28.700051Z","side":"BUY"},{"product_id":"SOL-USD","trade_id":"342170844","price":"71.92","size":"28.73","time":"2026-06-22T23:05:28.700051Z","side":"BUY"},{"product_id":"SOL-USD","trade_id":"342170843","price":"71.92","size":"0.83344316","time":"2026-06-22T23:05:28.700051Z","side":"BUY"},{"product_id":"SOL-USD","trade_id":"342170842","price":"71.92","size":"2.33311367","time":"2026-06-22T23:05:28.700051Z","side":"BUY"},{"product_id":"SOL-USD","trade_id":"342170841","price":"71.93","size":"0.01817695","time":"2026-06-22T23:05:23.257522Z","side":"SELL"},{"product_id":"SOL-USD","trade_id":"342170840","price":"71.93","size":"0.05968732","time":"2026-06-22T23:05:21.58271Z","side":"SELL"},{"product_id":"SOL-USD","trade_id":"342170839","price":"71.93","size":"0.13187152","time":"2026-06-22T23:05:20.808504Z","side":"SELL"},{"product_id":"SOL-USD","trade_id":"342170838","price":"71.93","size":"0.40406889","time":"2026-06-22T23:05:17.438254Z","side":"SELL"},{"product_id":"SOL-USD","trade_id":"342170837","price":"71.93","size":"0.91593111","time":"2026-06-22T23:05:17.438254Z","side":"SELL"},{"product_id":"SOL-USD","trade_id":"342170836","price":"71.93","size":"0.26345","time":"2026-06-22T23:05:17.130156Z","side":"SELL"},{"product_id":"SOL-USD","trade_id":"342170835","price":"71.93","size":"0.48750521","time":"2026-06-22T23:05:14.26293Z","side":"SELL"},{"product_id":"SOL-USD","trade_id":"342170834","price":"71.92","size":"0.00312335","time":"2026-06-22T23:05:13.143664Z","side":"SELL"},{"product_id":"SOL-USD","trade_id":"342170833","price":"71.92","size":"0.00000768","time":"2026-06-22T23:05:13.143664Z","side":"SELL"},{"product_id":"SOL-USD","trade_id":"342170832","price":"71.92","size":"0.38310899","time":"2026-06-22T23:05:12.952435Z","side":"SELL"},{"product_id":"SOL-USD","trade_id":"342170831","price":"71.92","size":"0.84104101","time":"2026-06-22T23:05:12.952435Z","side":"SELL"},{"product_id":"SOL-USD","trade_id":"342170830","price":"71.92","size":"2.09584094","time":"2026-06-22T23:05:12.789769Z","side":"SELL"},{"product_id":"SOL-USD","trade_id":"342170829","price":"71.92","size":"0.3293125","time":"2026-06-22T23:05:11.311189Z","side":"SELL"},{"product_id":"SOL-USD","trade_id":"342170828","price":"71.92","size":"0.0675782","time":"2026-06-22T23:05:08.9767Z","side":"SELL"},{"product_id":"SOL-USD","trade_id":"342170827","price":"71.92","size":"0.01822135","time":"2026-06-22T23:05:08.399828Z","side":"SELL"},{"product_id":"SOL-USD","trade_id":"342170826","price":"71.92","size":"1.38756619","time":"2026-06-22T23:05:08.365825Z","side":"BUY"},{"product_id":"SOL-USD","trade_id":"342170825","price":"71.92","size":"16.68307274","time":"2026-06-22T23:05:08.365825Z","side":"BUY"},{"product_id":"SOL-USD","trade_id":"342170824","price":"71.92","size":"17.3790474","time":"2026-06-22T23:05:08.365825Z","side":"BUY"},{"product_id":"SOL-USD","trade_id":"342170823","price":"71.92","size":"15","time":"2026-06-22T23:05:08.365825Z","side":"BUY"},{"product_id":"SOL-USD","trade_id":"342170822","price":"71.92","size":"28.73","time":"2026-06-22T23:05:08.365825Z","side":"BUY"},{"product_id":"SOL-USD","trade_id":"342170821","price":"71.92","size":"0.016","time":"2026-06-22T23:05:08.365825Z","side":"BUY"},{"product_id":"SOL-USD","trade_id":"342170820","price":"71.93","size":"6.95120255","time":"2026-06-22T23:05:08.365825Z","side":"BUY"},{"product_id":"SOL-USD","trade_id":"342170819","price":"71.93","size":"1.33245468","time":"2026-06-22T23:05:08.365825Z","side":"BUY"},{"product_id":"SOL-USD","trade_id":"342170818","price":"71.93","size":"33.75","time":"2026-06-22T23:05:07.284973Z","side":"SELL"},{"product_id":"SOL-USD","trade_id":"342170817","price":"71.93","size":"0.18831183","time":"2026-06-22T23:05:07.284973Z","side":"SELL"},{"product_id":"SOL-USD","trade_id":"342170816","price":"71.93","size":"0.0077254","time":"2026-06-22T23:05:07.284973Z","side":"SELL"},{"product_id":"SOL-USD","trade_id":"342170815","price":"71.93","size":"0.62383","time":"2026-06-22T23:05:07.284973Z","side":"SELL"},{"product_id":"SOL-USD","trade_id":"342170814","price":"71.93","size":"0.016","time":"2026-06-22T23:05:02.89196Z","side":"BUY"},{"product_id":"SOL-USD","trade_id":"342170813","price":"71.94","size":"2.66490937","time":"2026-06-22T23:05:02.888664Z","side":"BUY"},{"product_id":"SOL-USD","trade_id":"342170812","price":"71.94","size":"6.9502363","time":"2026-06-22T23:05:02.78321Z","side":"SELL"},{"product_id":"SOL-USD","trade_id":"342170811","price":"71.94","size":"2.67018124","time":"2026-06-22T23:05:02.78321Z","side":"SELL"},{"product_id":"SOL-USD","trade_id":"342170810","price":"71.94","size":"16.6820406","time":"2026-06-22T23:05:02.78321Z","side":"SELL"},{"product_id":"SOL-USD","trade_id":"342170809","price":"71.94","size":"6.21423807","time":"2026-06-22T23:05:02.215003Z","side":"BUY"},{"product_id":"SOL-USD","trade_id":"342170808","price":"71.94","size":"0.44611725","time":"2026-06-22T23:05:02.210687Z","side":"BUY"},{"product_id":"SOL-USD","trade_id":"342170807","price":"71.94","size":"1.23823836","time":"2026-06-22T23:05:02.209109Z","side":"BUY"},{"product_id":"SOL-USD","trade_id":"342170806","price":"71.94","size":"0.33713347","time":"2026-06-22T23:05:02.207305Z","side":"BUY"},{"product_id":"SOL-USD","trade_id":"342170805","price":"71.94","size":"7.8564769","time":"2026-06-22T23:05:02.207256Z","side":"BUY"},{"product_id":"SOL-USD","trade_id":"342170804","price":"71.94","size":"1.95628795","time":"2026-06-22T23:05:02.20717Z","side":"BUY"},{"product_id":"SOL-USD","trade_id":"342170803","price":"71.94","size":"22.95971087","time":"2026-06-22T23:05:02.205016Z","side":"BUY"},{"product_id":"SOL-USD","trade_id":"342170802","price":"71.94","size":"2.54575061","time":"2026-06-22T23:05:02.204733Z","side":"BUY"},{"product_id":"SOL-USD","trade_id":"342170801","price":"71.94","size":"0.38737038","time":"2026-06-22T23:05:02.204371Z","side":"BUY"}]}]}}
{"seq":3,"ts_recorded":"2026-06-22T23:06:00.344357Z","exchange":"coinbase","channel":"ticker","payload":{"channel":"ticker","timestamp":"2026-06-22T23:06:00.188315096Z","sequence_num":4,"events":[{"type":"snapshot","tickers":[{"type":"ticker","product_id":"SOL-USD","price":"71.903","volume_24_h":"780657.63825337","low_24_h":"71.33","high_24_h":"74.92","low_52_w":"60.11","high_52_w":"253.61","price_percent_chg_24_h":"-1.29993136582018","best_bid":"71.9","best_ask":"71.91","best_bid_quantity":"1.70796328","best_ask_quantity":"17.382613"}]}]}}
{"seq":4,"ts_recorded":"2026-06-22T23:06:00.344369Z","exchange":"coinbase","channel":"ticker","payload":{"channel":"ticker","timestamp":"2026-06-22T23:06:00.188349023Z","sequence_num":5,"events":[{"type":"snapshot","tickers":[{"type":"ticker","product_id":"BTC-USD","price":"63877.08","volume_24_h":"8174.12992792","low_24_h":"63171.19","high_24_h":"65553.39","low_52_w":"59073.01","high_52_w":"126296","price_percent_chg_24_h":"0.37622376435589","best_bid":"63877.08","best_ask":"63877.09","best_bid_quantity":"0.22433392","best_ask_quantity":"0.03096745"}]}]}}
{"seq":5,"ts_recorded":"2026-06-22T23:06:00.344376Z","exchange":"coinbase","channel":"ticker","payload":{"channel":"ticker","timestamp":"2026-06-22T23:06:00.188368316Z","sequence_num":6,"events":[{"type":"snapshot","tickers":[{"type":"ticker","product_id":"ETH-USD","price":"1722.91","volume_24_h":"120418.85658236","low_24_h":"1702.1","high_24_h":"1777.83","low_52_w":"1505","high_52_w":"4955.9","price_percent_chg_24_h":"0.63080059108352","best_bid":"1722.93","best_ask":"1722.94","best_bid_quantity":"0.18541327","best_ask_quantity":"0.30136791"}]}]}}
{"seq":6,"ts_recorded":"2026-06-22T23:06:00.344395Z","exchange":"coinbase","channel":"ticker","payload":{"channel":"ticker","timestamp":"2026-06-22T23:06:00.227396849Z","sequence_num":8,"events":[{"type":"update","tickers":[{"type":"ticker","product_id":"BTC-USD","price":"63877.08","volume_24_h":"8174.12992792","low_24_h":"63171.19","high_24_h":"65553.39","low_52_w":"59073.01","high_52_w":"126296","price_percent_chg_24_h":"0.37622376435589","best_bid":"63877.08","best_ask":"63877.09","best_bid_quantity":"0.09909338","best_ask_quantity":"0.03096745"}]}]}}
{"seq":7,"ts_recorded":"2026-06-22T23:06:00.391418Z","exchange":"coinbase","channel":"ticker","payload":{"channel":"ticker","timestamp":"2026-06-22T23:06:00.396031507Z","sequence_num":9,"events":[{"type":"update","tickers":[{"type":"ticker","product_id":"ETH-USD","price":"1722.91","volume_24_h":"120418.85658236","low_24_h":"1702.1","high_24_h":"1777.83","low_52_w":"1505","high_52_w":"4955.9","price_percent_chg_24_h":"0.63080059108352","best_bid":"1722.93","best_ask":"1722.94","best_bid_quantity":"0.18541327","best_ask_quantity":"1.98886791"}]}]}}
{"seq":8,"ts_recorded":"2026-06-22T23:06:00.462261Z","exchange":"coinbase","channel":"market_trades","payload":{"channel":"market_trades","timestamp":"2026-06-22T23:06:00.466105803Z","sequence_num":10,"events":[{"type":"update","trades":[{"product_id":"BTC-USD","trade_id":"1041669828","price":"63877.09","size":"0.00111368","time":"2026-06-22T23:06:00.381066Z","side":"SELL"}]}]}}
{"seq":9,"ts_recorded":"2026-06-22T23:06:00.473121Z","exchange":"coinbase","channel":"ticker","payload":{"channel":"ticker","timestamp":"2026-06-22T23:06:00.478236214Z","sequence_num":11,"events":[{"type":"update","tickers":[{"type":"ticker","product_id":"BTC-USD","price":"63877.08","volume_24_h":"8174.12992792","low_24_h":"63171.19","high_24_h":"65553.39","low_52_w":"59073.01","high_52_w":"126296","price_percent_chg_24_h":"0.37622376435589","best_bid":"63877.08","best_ask":"63877.09","best_bid_quantity":"0.09909338","best_ask_quantity":"0.32246702"}]}]}}
{"seq":10,"ts_recorded":"2026-06-22T23:06:00.620526Z","exchange":"coinbase","channel":"ticker","payload":{"channel":"ticker","timestamp":"2026-06-22T23:06:00.624954444Z","sequence_num":12,"events":[{"type":"update","tickers":[{"type":"ticker","product_id":"BTC-USD","price":"63877.09","volume_24_h":"8174.12992792","low_24_h":"63171.19","high_24_h":"65553.39","low_52_w":"59073.01","high_52_w":"126296","price_percent_chg_24_h":"0.37623947832148","best_bid":"63877.08","best_ask":"63877.09","best_bid_quantity":"0.09909338","best_ask_quantity":"0.32246702"}]}]}}
{"seq":11,"ts_recorded":"2026-06-22T23:06:00.641655Z","exchange":"coinbase","channel":"ticker","payload":{"channel":"ticker","timestamp":"2026-06-22T23:06:00.646109402Z","sequence_num":13,"events":[{"type":"update","tickers":[{"type":"ticker","product_id":"ETH-USD","price":"1722.91","volume_24_h":"120418.85658236","low_24_h":"1702.1","high_24_h":"1777.83","low_52_w":"1505","high_52_w":"4955.9","price_percent_chg_24_h":"0.63080059108352","best_bid":"1722.93","best_ask":"1722.94","best_bid_quantity":"0.18541327","best_ask_quantity":"1.93051229"}]}]}}
{"seq":12,"ts_recorded":"2026-06-22T23:06:00.673715Z","exchange":"coinbase","channel":"market_trades","payload":{"channel":"market_trades","timestamp":"2026-06-22T23:06:00.677849582Z","sequence_num":14,"events":[{"type":"update","trades":[{"product_id":"ETH-USD","trade_id":"820529080","price":"1722.94","size":"0.05835562","time":"2026-06-22T23:06:00.625403Z","side":"SELL"}]}]}}
{"seq":13,"ts_recorded":"2026-06-22T23:06:00.724552Z","exchange":"coinbase","channel":"ticker","payload":{"channel":"ticker","timestamp":"2026-06-22T23:06:00.72874623Z","sequence_num":15,"events":[{"type":"update","tickers":[{"type":"ticker","product_id":"BTC-USD","price":"63877.09","volume_24_h":"8174.12992792","low_24_h":"63171.19","high_24_h":"65553.39","low_52_w":"59073.01","high_52_w":"126296","price_percent_chg_24_h":"0.37623947832148","best_bid":"63877.08","best_ask":"63877.09","best_bid_quantity":"0.09909338","best_ask_quantity":"0.31828702"}]}]}}
{"seq":14,"ts_recorded":"2026-06-22T23:06:00.761182Z","exchange":"coinbase","channel":"market_trades","payload":{"channel":"market_trades","timestamp":"2026-06-22T23:06:00.765471232Z","sequence_num":16,"events":[{"type":"update","trades":[{"product_id":"BTC-USD","trade_id":"1041669829","price":"63877.09","size":"0.00418","time":"2026-06-22T23:06:00.693516Z","side":"SELL"}]}]}}
{"seq":15,"ts_recorded":"2026-06-22T23:06:00.825660Z","exchange":"coinbase","channel":"ticker","payload":{"channel":"ticker","timestamp":"2026-06-22T23:06:00.829653152Z","sequence_num":17,"events":[{"type":"update","tickers":[{"type":"ticker","product_id":"ETH-USD","price":"1722.811","volume_24_h":"120418.85658236","low_24_h":"1702.1","high_24_h":"1777.83","low_52_w":"1505","high_52_w":"4955.9","price_percent_chg_24_h":"0.62501825233192","best_bid":"1722.93","best_ask":"1722.94","best_bid_quantity":"0.18541327","best_ask_quantity":"1.93051229"}]}]}}
{"seq":16,"ts_recorded":"2026-06-22T23:06:00.860521Z","exchange":"coinbase","channel":"market_trades","payload":{"channel":"market_trades","timestamp":"2026-06-22T23:06:00.865256624Z","sequence_num":18,"events":[{"type":"update","trades":[{"product_id":"BTC-USD","trade_id":"1041669830","price":"63877.09","size":"0.00076067","time":"2026-06-22T23:06:00.841595Z","side":"SELL"}]}]}}
{"seq":17,"ts_recorded":"2026-06-22T23:06:00.891502Z","exchange":"coinbase","channel":"ticker","payload":{"channel":"ticker","timestamp":"2026-06-22T23:06:00.895906409Z","sequence_num":19,"events":[{"type":"update","tickers":[{"type":"ticker","product_id":"ETH-USD","price":"1722.811","volume_24_h":"120418.85658236","low_24_h":"1702.1","high_24_h":"1777.83","low_52_w":"1505","high_52_w":"4955.9","price_percent_chg_24_h":"0.62501825233192","best_bid":"1722.93","best_ask":"1722.94","best_bid_quantity":"0.18541327","best_ask_quantity":"1.6875"}]}]}}
{"seq":18,"ts_recorded":"2026-06-22T23:06:00.905291Z","exchange":"coinbase","channel":"market_trades","payload":{"channel":"market_trades","timestamp":"2026-06-22T23:06:00.910564432Z","sequence_num":20,"events":[{"type":"update","trades":[{"product_id":"SOL-USD","trade_id":"342170901","price":"71.91","size":"0.19786231","time":"2026-06-22T23:06:00.802006Z","side":"SELL"}]}]}}
{"seq":19,"ts_recorded":"2026-06-22T23:06:00.961439Z","exchange":"coinbase","channel":"market_trades","payload":{"channel":"market_trades","timestamp":"2026-06-22T23:06:00.966198914Z","sequence_num":21,"events":[{"type":"update","trades":[{"product_id":"BTC-USD","trade_id":"1041669831","price":"63877.08","size":"0.00000004","time":"2026-06-22T23:06:00.915246Z","side":"BUY"}]}]}}
{"seq":20,"ts_recorded":"2026-06-22T23:06:00.972381Z","exchange":"coinbase","channel":"ticker","payload":{"channel":"ticker","timestamp":"2026-06-22T23:06:00.975724954Z","sequence_num":22,"events":[{"type":"update","tickers":[{"type":"ticker","product_id":"BTC-USD","price":"63877.09","volume_24_h":"8174.12992792","low_24_h":"63171.19","high_24_h":"65553.39","low_52_w":"59073.01","high_52_w":"126296","price_percent_chg_24_h":"0.37623947832148","best_bid":"63877.08","best_ask":"63877.09","best_bid_quantity":"0.09909334","best_ask_quantity":"0.31752635"}]}]}}
{"seq":21,"ts_recorded":"2026-06-22T23:06:00.972451Z","exchange":"coinbase","channel":"ticker","payload":{"channel":"ticker","timestamp":"2026-06-22T23:06:00.976883541Z","sequence_num":23,"events":[{"type":"update","tickers":[{"type":"ticker","product_id":"SOL-USD","price":"71.903","volume_24_h":"780657.63825337","low_24_h":"71.33","high_24_h":"74.92","low_52_w":"60.11","high_52_w":"253.61","price_percent_chg_24_h":"-1.29993136582018","best_bid":"71.9","best_ask":"71.91","best_bid_quantity":"1.70796328","best_ask_quantity":"17.18475069"}]}]}}
{"seq":22,"ts_recorded":"2026-06-22T23:06:01.075488Z","exchange":"coinbase","channel":"ticker","payload":{"channel":"ticker","timestamp":"2026-06-22T23:06:01.079899692Z","sequence_num":24,"events":[{"type":"update","tickers":[{"type":"ticker","product_id":"ETH-USD","price":"1722.94","volume_24_h":"120418.85658236","low_24_h":"1702.1","high_24_h":"1777.83","low_52_w":"1505","high_52_w":"4955.9","price_percent_chg_24_h":"0.63255281494764","best_bid":"1722.93","best_ask":"1722.94","best_bid_quantity":"0.18541327","best_ask_quantity":"1.6875"}]}]}}
{"seq":23,"ts_recorded":"2026-06-22T23:06:01.085009Z","exchange":"coinbase","channel":"ticker","payload":{"channel":"ticker","timestamp":"2026-06-22T23:06:01.089772908Z","sequence_num":25,"events":[{"type":"update","tickers":[{"type":"ticker","product_id":"SOL-USD","price":"71.91","volume_24_h":"780657.63825337","low_24_h":"71.33","high_24_h":"74.92","low_52_w":"60.11","high_52_w":"253.61","price_percent_chg_24_h":"-1.29032258064516","best_bid":"71.9","best_ask":"71.91","best_bid_quantity":"1.70796328","best_ask_quantity":"17.18475069"}]}]}}
{"seq":24,"ts_recorded":"2026-06-22T23:06:01.126368Z","exchange":"coinbase","channel":"ticker","payload":{"channel":"ticker","timestamp":"2026-06-22T23:06:01.131181727Z","sequence_num":26,"events":[{"type":"update","tickers":[{"type":"ticker","product_id":"BTC-USD","price":"63877.08","volume_24_h":"8174.12992792","low_24_h":"63171.19","high_24_h":"65553.39","low_52_w":"59073.01","high_52_w":"126296","price_percent_chg_24_h":"0.37622376435589","best_bid":"63877.08","best_ask":"63877.09","best_bid_quantity":"0.09909334","best_ask_quantity":"0.31752635"}]}]}}
{"seq":25,"ts_recorded":"2026-06-22T23:06:01.170004Z","exchange":"coinbase","channel":"market_trades","payload":{"channel":"market_trades","timestamp":"2026-06-22T23:06:01.174757565Z","sequence_num":27,"events":[{"type":"update","trades":[{"product_id":"BTC-USD","trade_id":"1041669832","price":"63877.08","size":"0.00000016","time":"2026-06-22T23:06:01.143664Z","side":"BUY"}]}]}}
{"seq":26,"ts_recorded":"2026-06-22T23:06:01.222096Z","exchange":"coinbase","channel":"ticker","payload":{"channel":"ticker","timestamp":"2026-06-22T23:06:01.227484553Z","sequence_num":28,"events":[{"type":"update","tickers":[{"type":"ticker","product_id":"SOL-USD","price":"71.91","volume_24_h":"780657.63825337","low_24_h":"71.33","high_24_h":"74.92","low_52_w":"60.11","high_52_w":"253.61","price_percent_chg_24_h":"-1.29032258064516","best_bid":"71.9","best_ask":"71.91","best_bid_quantity":"1.70796328","best_ask_quantity":"73.06242869"}]}]}}
{"seq":27,"ts_recorded":"2026-06-22T23:06:01.225070Z","exchange":"coinbase","channel":"ticker","payload":{"channel":"ticker","timestamp":"2026-06-22T23:06:01.230275745Z","sequence_num":29,"events":[{"type":"update","tickers":[{"type":"ticker","product_id":"BTC-USD","price":"63877.08","volume_24_h":"8174.12992792","low_24_h":"63171.19","high_24_h":"65553.39","low_52_w":"59073.01","high_52_w":"126296","price_percent_chg_24_h":"0.37622376435589","best_bid":"63877.08","best_ask":"63877.09","best_bid_quantity":"0.09909318","best_ask_quantity":"0.48804692"}]}]}}
{"seq":28,"ts_recorded":"2026-06-22T23:06:01.270180Z","exchange":"coinbase","channel":"market_trades","payload":{"channel":"market_trades","timestamp":"2026-06-22T23:06:01.275170835Z","sequence_num":30,"events":[{"type":"update","trades":[{"product_id":"BTC-USD","trade_id":"1041669850","price":"63879.97","size":"0.01745918","time":"2026-06-22T23:06:01.215443Z","side":"SELL"},{"product_id":"BTC-USD","trade_id":"1041669849","price":"63879.97","size":"0.07648446","time":"2026-06-22T23:06:01.215348Z","side":"SELL"},{"product_id":"BTC-USD","trade_id":"1041669848","price":"63879.94","size":"0.02348591","time":"2026-06-22T23:06:01.215348Z","side":"SELL"},{"product_id":"BTC-USD","trade_id":"1041669847","price":"63879.93","size":"0.01482265","time":"2026-06-22T23:06:01.215348Z","side":"SELL"},{"product_id":"BTC-USD","trade_id":"1041669846","price":"63877.09","size":"0.05710202","time":"2026-06-22T23:06:01.215173Z","side":"SELL"},{"product_id":"BTC-USD","trade_id":"1041669845","price":"63877.09","size":"0.01801486","time":"2026-06-22T23:06:01.214877Z","side":"SELL"},{"product_id":"BTC-USD","trade_id":"1041669844","price":"63877.09","size":"0.03181306","time":"2026-06-22T23:06:01.21471Z","side":"SELL"},{"product_id":"BTC-USD","trade_id":"1041669843","price":"63877.09","size":"0.03927006","time":"2026-06-22T23:06:01.214475Z","side":"SELL"},{"product_id":"BTC-USD","trade_id":"1041669842","price":"63877.09","size":"0.008443","time":"2026-06-22T23:06:01.214475Z","side":"SELL"},{"product_id":"BTC-USD","trade_id":"1041669841","price":"63878","size":"0.0347","time":"2026-06-22T23:06:01.209391Z","side":"SELL"},{"product_id":"BTC-USD","trade_id":"1041669840","price":"63877.12","size":"0.03","time":"2026-06-22T23:06:01.209391Z","side":"SELL"},{"product_id":"BTC-USD","trade_id":"1041669839","price":"63877.1","size":"0.000732","time":"2026-06-22T23:06:01.209391Z","side":"SELL"},{"product_id":"BTC-USD","trade_id":"1041669838","price":"63877.1","size":"0.02926711","time":"2026-06-22T23:06:01.209391Z","side":"SELL"},{"product_id":"BTC-USD","trade_id":"1041669837","price":"63877.09","size":"0.04776699","time":"2026-06-22T23:06:01.209391Z","side":"SELL"},{"product_id":"BTC-USD","trade_id":"1041669836","price":"63877.09","size":"0.15797","time":"2026-06-22T23:06:01.209391Z","side":"SELL"},{"product_id":"BTC-USD","trade_id":"1041669835","price":"63877.09","size":"0.01","time":"2026-06-22T23:06:01.209391Z","side":"SELL"},{"product_id":"BTC-USD","trade_id":"1041669834","price":"63877.09","size":"0.008443","time":"2026-06-22T23:06:01.209391Z","side":"SELL"},{"product_id":"BTC-USD","trade_id":"1041669833","price":"63877.09","size":"0.0064701","time":"2026-06-22T23:06:01.209391Z","side":"SELL"}]}]}}
{"seq":29,"ts_recorded":"2026-06-22T23:06:01.275095Z","exchange":"coinbase","channel":"market_trades","payload":{"channel":"market_trades","timestamp":"2026-06-22T23:06:01.279521652Z","sequence_num":31,"events":[{"type":"update","trades":[{"product_id":"ETH-USD","trade_id":"820529084","price":"1722.77","size":"0.87069304","time":"2026-06-22T23:06:01.218629Z","side":"SELL"},{"product_id":"ETH-USD","trade_id":"820529083","price":"1722.72","size":"1.6875","time":"2026-06-22T23:06:01.21416Z","side":"SELL"},{"product_id":"ETH-USD","trade_id":"820529082","price":"1722.72","size":"0.23835","time":"2026-06-22T23:06:01.21416Z","side":"SELL"},{"product_id":"ETH-USD","trade_id":"820529081","price":"1722.83","size":"0.15458678","time":"2026-06-22T23:06:01.196753Z","side":"BUY"}]}]}}
{"seq":30,"ts_recorded":"2026-06-22T23:06:01.306615Z","exchange":"coinbase","channel":"market_trades","payload":{"channel":"market_trades","timestamp":"2026-06-22T23:06:01.31056808Z","sequence_num":32,"events":[{"type":"update","trades":[{"product_id":"SOL-USD","trade_id":"342170902","price":"71.9","size":"1.70796328","time":"2026-06-22T23:06:01.208121Z","side":"BUY"}]}]}}
{"seq":31,"ts_recorded":"2026-06-22T23:06:01.367678Z","exchange":"coinbase","channel":"market_trades","payload":{"channel":"market_trades","timestamp":"2026-06-22T23:06:01.37226148Z","sequence_num":33,"events":[{"type":"update","trades":[{"product_id":"BTC-USD","trade_id":"1041669868","price":"63876","size":"0.00015561","time":"2026-06-22T23:06:01.285158Z","side":"BUY"},{"product_id":"BTC-USD","trade_id":"1041669867","price":"63877.08","size":"0.02378187","time":"2026-06-22T23:06:01.25977Z","side":"BUY"},{"product_id":"BTC-USD","trade_id":"1041669866","price":"63877.08","size":"0.00396365","time":"2026-06-22T23:06:01.258513Z","side":"BUY"},{"product_id":"BTC-USD","trade_id":"1041669865","price":"63877.08","size":"0.01025348","time":"2026-06-22T23:06:01.257239Z","side":"BUY"},{"product_id":"BTC-USD","trade_id":"1041669864","price":"63877.08","size":"0.00334398","time":"2026-06-22T23:06:01.257028Z","side":"BUY"},{"product_id":"BTC-USD","trade_id":"1041669863","price":"63877.08","size":"0.00432496","time":"2026-06-22T23:06:01.257028Z","side":"BUY"},{"product_id":"BTC-USD","trade_id":"1041669862","price":"63877.08","size":"0.00641876","time":"2026-06-22T23:06:01.257028Z","side":"BUY"},{"product_id":"BTC-USD","trade_id":"1041669861","price":"63877.08","size":"0.00404329","time":"2026-06-22T23:06:01.257028Z","side":"BUY"},{"product_id":"BTC-USD","trade_id":"1041669860","price":"63877.08","size":"0.00237547","time":"2026-06-22T23:06:01.230369Z","side":"BUY"},{"product_id":"BTC-USD","trade_id":"1041669859","price":"63877.08","size":"0.00011068","time":"2026-06-22T23:06:01.230369Z","side":"BUY"},{"product_id":"BTC-USD","trade_id":"1041669858","price":"63877.08","size":"0.00004524","time":"2026-06-22T23:06:01.230369Z","side":"BUY"},{"product_id":"BTC-USD","trade_id":"1041669857","price":"63877.08","size":"0.00641876","time":"2026-06-22T23:06:01.230369Z","side":"BUY"},{"product_id":"BTC-USD","trade_id":"1041669856","price":"63877.08","size":"0.00641876","time":"2026-06-22T23:06:01.230369Z","side":"BUY"},{"product_id":"BTC-USD","trade_id":"1041669855","price":"63877.08","size":"0.00002184","time":"2026-06-22T23:06:01.230369Z","side":"BUY"},{"product_id":"BTC-USD","trade_id":"1041669854","price":"63877.08","size":"0.00002363","time":"2026-06-22T23:06:01.230369Z","side":"BUY"},{"product_id":"BTC-USD","trade_id":"1041669853","price":"63877.08","size":"0.00001712","time":"2026-06-22T23:06:01.230369Z","side":"BUY"},{"product_id":"BTC-USD","trade_id":"1041669852","price":"63877.09","size":"0.02940716","time":"2026-06-22T23:06:01.223971Z","side":"SELL"},{"product_id":"BTC-USD","trade_id":"1041669851","price":"63877.09","size":"0.0072","time":"2026-06-22T23:06:01.220942Z","side":"SELL"}]}]}}
{"seq":32,"ts_recorded":"2026-06-22T23:06:01.375286Z","exchange":"coinbase","channel":"market_trades","payload":{"channel":"market_trades","timestamp":"2026-06-22T23:06:01.38033028Z","sequence_num":34,"events":[{"type":"update","trades":[{"product_id":"ETH-USD","trade_id":"820529091","price":"1722.71","size":"0.001","time":"2026-06-22T23:06:01.261402Z","side":"BUY"},{"product_id":"ETH-USD","trade_id":"820529090","price":"1722.8","size":"0.19271746","time":"2026-06-22T23:06:01.238992Z","side":"BUY"},{"product_id":"ETH-USD","trade_id":"820529089","price":"1722.8","size":"0.2815163","time":"2026-06-22T23:06:01.238955Z","side":"BUY"},{"product_id":"ETH-USD","trade_id":"820529088","price":"1722.81","size":"0.0754837","time":"2026-06-22T23:06:01.238955Z","side":"BUY"},{"product_id":"ETH-USD","trade_id":"820529087","price":"1722.88","size":"0.0420512","time":"2026-06-22T23:06:01.238949Z","side":"SELL"},{"product_id":"ETH-USD","trade_id":"820529086","price":"1722.87","size":"0.06805095","time":"2026-06-22T23:06:01.238949Z","side":"SELL"},{"product_id":"ETH-USD","trade_id":"820529085","price":"1722.8","size":"0.30193479","time":"2026-06-22T23:06:01.234699Z","side":"BUY"}]}]}}
{"seq":33,"ts_recorded":"2026-06-22T23:06:01.393233Z","exchange":"coinbase","channel":"ticker","payload":{"channel":"ticker","timestamp":"2026-06-22T23:06:01.398082367Z","sequence_num":35,"events":[{"type":"update","tickers":[{"type":"ticker","product_id":"ETH-USD","price":"1722.94","volume_24_h":"120418.85658236","low_24_h":"1702.1","high_24_h":"1777.83","low_52_w":"1505","high_52_w":"4955.9","price_percent_chg_24_h":"0.63255281494764","best_bid":"1722.84","best_ask":"1722.85","best_bid_quantity":"0.24097","best_ask_quantity":"0.21342653"}]}]}}
{"seq":34,"ts_recorded":"2026-06-22T23:06:01.467293Z","exchange":"coinbase","channel":"market_trades","payload":{"channel":"market_trades","timestamp":"2026-06-22T23:06:01.472060976Z","sequence_num":36,"events":[{"type":"update","trades":[{"product_id":"BTC-USD","trade_id":"1041669885","price":"63876.01","size":"0.00144924","time":"2026-06-22T23:06:01.313575Z","side":"SELL"},{"product_id":"BTC-USD","trade_id":"1041669884","price":"63876.01","size":"0.09394364","time":"2026-06-22T23:06:01.313575Z","side":"SELL"},{"product_id":"BTC-USD","trade_id":"1041669883","price":"63876.01","size":"0.01163316","time":"2026-06-22T23:06:01.313575Z","side":"SELL"},{"product_id":"BTC-USD","trade_id":"1041669882","price":"63876.01","size":"0.01185275","time":"2026-06-22T23:06:01.3116Z","side":"SELL"},{"product_id":"BTC-USD","trade_id":"1041669881","price":"63876.01","size":"0.04707508","time":"2026-06-22T23:06:01.3116Z","side":"SELL"},{"product_id":"BTC-USD","trade_id":"1041669880","price":"63875.71","size":"0.06261265","time":"2026-06-22T23:06:01.3116Z","side":"SELL"},{"product_id":"BTC-USD","trade_id":"1041669879","price":"63873.63","size":"0.00783531","time":"2026-06-22T23:06:01.3116Z","side":"SELL"},{"product_id":"BTC-USD","trade_id":"1041669878","price":"63873.53","size":"0.04049","time":"2026-06-22T23:06:01.3116Z","side":"SELL"},{"product_id":"BTC-USD","trade_id":"1041669877","price":"63873.63","size":"0.0618378","time":"2026-06-22T23:06:01.309328Z","side":"SELL"},{"product_id":"BTC-USD","trade_id":"1041669876","price":"63873.62","size":"0.0969034","time":"2026-06-22T23:06:01.309328Z","side":"SELL"},{"product_id":"BTC-USD","trade_id":"1041669875","price":"63873.62","size":"0.0478412","time":"2026-06-22T23:06:01.309323Z","side":"SELL"},{"product_id":"BTC-USD","trade_id":"1041669874","price":"63873.62","size":"0.03026492","time":"2026-06-22T23:06:01.309264Z","side":"SELL"},{"product_id":"BTC-USD","trade_id":"1041669873","price":"63873.63","size":"0.02427053","time":"2026-06-22T23:06:01.308208Z","side":"SELL"},{"product_id":"BTC-USD","trade_id":"1041669872","price":"63873.53","size":"0.03771412","time":"2026-06-22T23:06:01.307797Z","side":"SELL"},{"product_id":"BTC-USD","trade_id":"1041669871","price":"63873.53","size":"0.10848588","time":"2026-06-22T23:06:01.307504Z","side":"SELL"},{"product_id":"BTC-USD","trade_id":"1041669870","price":"63873.53","size":"0.00387426","time":"2026-06-22T23:06:01.307504Z","side":"SELL"},{"product_id":"BTC-USD","trade_id":"1041669869","price":"63873.53","size":"0.04049574","time":"2026-06-22T23:06:01.307441Z","side":"SELL"}]}]}}
{"seq":35,"ts_recorded":"2026-06-22T23:06:01.471903Z","exchange":"coinbase","channel":"ticker","payload":{"channel":"ticker","timestamp":"2026-06-22T23:06:01.476810132Z","sequence_num":37,"events":[{"type":"update","tickers":[{"type":"ticker","product_id":"SOL-USD","price":"71.91","volume_24_h":"780657.63825337","low_24_h":"71.33","high_24_h":"74.92","low_52_w":"60.11","high_52_w":"253.61","price_percent_chg_24_h":"-1.29032258064516","best_bid":"71.9","best_ask":"71.91","best_bid_quantity":"28.73","best_ask_quantity":"30.5005371"}]}]}}
{"seq":36,"ts_recorded":"2026-06-22T23:06:01.472786Z","exchange":"coinbase","channel":"market_trades","payload":{"channel":"market_trades","timestamp":"2026-06-22T23:06:01.477702746Z","sequence_num":38,"events":[{"type":"update","trades":[{"product_id":"ETH-USD","trade_id":"820529094","price":"1722.61","size":"1.6875","time":"2026-06-22T23:06:01.309145Z","side":"SELL"},{"product_id":"ETH-USD","trade_id":"820529093","price":"1722.61","size":"0.87077167","time":"2026-06-22T23:06:01.309145Z","side":"SELL"},{"product_id":"ETH-USD","trade_id":"820529092","price":"1722.61","size":"0.23835","time":"2026-06-22T23:06:01.309145Z","side":"SELL"}]}]}}
{"seq":37,"ts_recorded":"2026-06-22T23:06:01.476843Z","exchange":"coinbase","channel":"ticker","payload":{"channel":"ticker","timestamp":"2026-06-22T23:06:01.481528313Z","sequence_num":39,"events":[{"type":"update","tickers":[{"type":"ticker","product_id":"BTC-USD","price":"63877.08","volume_24_h":"8174.12992792","low_24_h":"63171.19","high_24_h":"65553.39","low_52_w":"59073.01","high_52_w":"126296","price_percent_chg_24_h":"0.37622376435589","best_bid":"63878.4","best_ask":"63878.41","best_bid_quantity":"0.05372299","best_ask_quantity":"0.1612"}]}]}}
{"seq":38,"ts_recorded":"2026-06-22T23:06:01.567332Z","exchange":"coinbase","channel":"ticker","payload":{"channel":"ticker","timestamp":"2026-06-22T23:06:01.571904115Z","sequence_num":40,"events":[{"type":"update","tickers":[{"type":"ticker","product_id":"ETH-USD","price":"1722.71","volume_24_h":"120418.85658236","low_24_h":"1702.1","high_24_h":"1777.83","low_52_w":"1505","high_52_w":"4955.9","price_percent_chg_24_h":"0.61911909865604","best_bid":"1722.84","best_ask":"1722.85","best_bid_quantity":"0.24097","best_ask_quantity":"0.21342653"}]}]}}
{"seq":39,"ts_recorded":"2026-06-22T23:06:01.586353Z","exchange":"coinbase","channel":"ticker","payload":{"channel":"ticker","timestamp":"2026-06-22T23:06:01.590750094Z","sequence_num":41,"events":[{"type":"update","tickers":[{"type":"ticker","product_id":"SOL-USD","price":"71.903","volume_24_h":"780657.63825337","low_24_h":"71.33","high_24_h":"74.92","low_52_w":"60.11","high_52_w":"253.61","price_percent_chg_24_h":"-1.29993136582018","best_bid":"71.9","best_ask":"71.91","best_bid_quantity":"28.73","best_ask_quantity":"30.5005371"}]}]}}
{"seq":40,"ts_recorded":"2026-06-22T23:06:01.606497Z","exchange":"coinbase","channel":"market_trades","payload":{"channel":"market_trades","timestamp":"2026-06-22T23:06:01.610643372Z","sequence_num":42,"events":[{"type":"update","trades":[{"product_id":"SOL-USD","trade_id":"342170910","price":"71.9","size":"4.31315","time":"2026-06-22T23:06:01.325819Z","side":"SELL"},{"product_id":"SOL-USD","trade_id":"342170909","price":"71.9","size":"6.63698396","time":"2026-06-22T23:06:01.325819Z","side":"SELL"},{"product_id":"SOL-USD","trade_id":"342170908","price":"71.9","size":"10.7502333","time":"2026-06-22T23:06:01.325715Z","side":"SELL"},{"product_id":"SOL-USD","trade_id":"342170907","price":"71.9","size":"23.545795","time":"2026-06-22T23:06:01.325715Z","side":"SELL"},{"product_id":"SOL-USD","trade_id":"342170906","price":"71.9","size":"2.7522717","time":"2026-06-22T23:06:01.325715Z","side":"SELL"},{"product_id":"SOL-USD","trade_id":"342170905","price":"71.89","size":"6.95507024","time":"2026-06-22T23:06:01.317419Z","side":"SELL"},{"product_id":"SOL-USD","trade_id":"342170904","price":"71.89","size":"5.02","time":"2026-06-22T23:06:01.317419Z","side":"SELL"},{"product_id":"SOL-USD","trade_id":"342170903","price":"71.89","size":"28.73","time":"2026-06-22T23:06:01.317339Z","side":"SELL"}]}]}}
{"seq":41,"ts_recorded":"2026-06-22T23:06:01.632038Z","exchange":"coinbase","channel":"ticker","payload":{"channel":"ticker","timestamp":"2026-06-22T23:06:01.637270643Z","sequence_num":43,"events":[{"type":"update","tickers":[{"type":"ticker","product_id":"BTC-USD","price":"63884.07","volume_24_h":"8174.12992792","low_24_h":"63171.19","high_24_h":"65553.39","low_52_w":"59073.01","high_52_w":"126296","price_percent_chg_24_h":"0.38720782630914","best_bid":"63878.4","best_ask":"63878.41","best_bid_quantity":"0.05372299","best_ask_quantity":"0.1612"}]}]}}
{"seq":42,"ts_recorded":"2026-06-22T23:06:01.654043Z","exchange":"coinbase","channel":"ticker","payload":{"channel":"ticker","timestamp":"2026-06-22T23:06:01.659138408Z","sequence_num":44,"events":[{"type":"update","tickers":[{"type":"ticker","product_id":"ETH-USD","price":"1722.71","volume_24_h":"120418.85658236","low_24_h":"1702.1","high_24_h":"1777.83","low_52_w":"1505","high_52_w":"4955.9","price_percent_chg_24_h":"0.61911909865604","best_bid":"1722.66","best_ask":"1722.69","best_bid_quantity":"0.14721649","best_ask_quantity":"2.11435306"}]}]}}
{"seq":43,"ts_recorded":"2026-06-22T23:06:01.722555Z","exchange":"coinbase","channel":"ticker","payload":{"channel":"ticker","timestamp":"2026-06-22T23:06:01.727594354Z","sequence_num":45,"events":[{"type":"update","tickers":[{"type":"ticker","product_id":"SOL-USD","price":"71.903","volume_24_h":"780657.63825337","low_24_h":"71.33","high_24_h":"74.92","low_52_w":"60.11","high_52_w":"253.61","price_percent_chg_24_h":"-1.29993136582018","best_bid":"71.89","best_ask":"71.91","best_bid_quantity":"38.93244546","best_ask_quantity":"42.76552483"}]}]}}
{"seq":44,"ts_recorded":"2026-06-22T23:06:01.723915Z","exchange":"coinbase","channel":"ticker","payload":{"channel":"ticker","timestamp":"2026-06-22T23:06:01.729574596Z","sequence_num":46,"events":[{"type":"update","tickers":[{"type":"ticker","product_id":"BTC-USD","price":"63884.07","volume_24_h":"8174.12992792","low_24_h":"63171.19","high_24_h":"65553.39","low_52_w":"59073.01","high_52_w":"126296","price_percent_chg_24_h":"0.38720782630914","best_bid":"63878.25","best_ask":"63878.26","best_bid_quantity":"0.04698509","best_ask_quantity":"0.2906951"}]}]}}
{"seq":45,"ts_recorded":"2026-06-22T23:06:01.820342Z","exchange":"coinbase","channel":"ticker","payload":{"channel":"ticker","timestamp":"2026-06-22T23:06:01.823865891Z","sequence_num":47,"events":[{"type":"update","tickers":[{"type":"ticker","product_id":"SOL-USD","price":"71.905","volume_24_h":"780657.63825337","low_24_h":"71.33","high_24_h":"74.92","low_52_w":"60.11","high_52_w":"253.61","price_percent_chg_24_h":"-1.29718599862732","best_bid":"71.89","best_ask":"71.91","best_bid_quantity":"38.93244546","best_ask_quantity":"42.76552483"}]}]}}
{"seq":46,"ts_recorded":"2026-06-22T23:06:01.821151Z","exchange":"coinbase","channel":"ticker","payload":{"channel":"ticker","timestamp":"2026-06-22T23:06:01.825877134Z","sequence_num":48,"events":[{"type":"update","tickers":[{"type":"ticker","product_id":"ETH-USD","price":"1722.61","volume_24_h":"120418.85658236","low_24_h":"1702.1","high_24_h":"1777.83","low_52_w":"1505","high_52_w":"4955.9","price_percent_chg_24_h":"0.61327835244231","best_bid":"1722.66","best_ask":"1722.69","best_bid_quantity":"0.14721649","best_ask_quantity":"2.11435306"}]}]}}
{"seq":47,"ts_recorded":"2026-06-22T23:06:01.891698Z","exchange":"coinbase","channel":"ticker","payload":{"channel":"ticker","timestamp":"2026-06-22T23:06:01.896389098Z","sequence_num":49,"events":[{"type":"update","tickers":[{"type":"ticker","product_id":"ETH-USD","price":"1722.61","volume_24_h":"120418.85658236","low_24_h":"1702.1","high_24_h":"1777.83","low_52_w":"1505","high_52_w":"4955.9","price_percent_chg_24_h":"0.61327835244231","best_bid":"1722.61","best_ask":"1722.62","best_bid_quantity":"0.79167006","best_ask_quantity":"0.23835"}]}]}}
{"seq":48,"ts_recorded":"2026-06-22T23:06:01.907439Z","exchange":"coinbase","channel":"market_trades","payload":{"channel":"market_trades","timestamp":"2026-06-22T23:06:01.910636304Z","sequence_num":50,"events":[{"type":"update","trades":[{"product_id":"SOL-USD","trade_id":"342170911","price":"71.89","size":"2.56925835","time":"2026-06-22T23:06:01.79546Z","side":"BUY"}]}]}}
{"seq":49,"ts_recorded":"2026-06-22T23:06:01.972760Z","exchange":"coinbase","channel":"ticker","payload":{"channel":"ticker","timestamp":"2026-06-22T23:06:01.976347046Z","sequence_num":51,"events":[{"type":"update","tickers":[{"type":"ticker","product_id":"SOL-USD","price":"71.905","volume_24_h":"780657.63825337","low_24_h":"71.33","high_24_h":"74.92","low_52_w":"60.11","high_52_w":"253.61","price_percent_chg_24_h":"-1.29718599862732","best_bid":"71.89","best_ask":"71.91","best_bid_quantity":"53.93244546","best_ask_quantity":"42.76552483"}]}]}}
{"seq":50,"ts_recorded":"2026-06-22T23:06:01.972799Z","exchange":"coinbase","channel":"ticker","payload":{"channel":"ticker","timestamp":"2026-06-22T23:06:01.976351123Z","sequence_num":52,"events":[{"type":"update","tickers":[{"type":"ticker","product_id":"BTC-USD","price":"63884.07","volume_24_h":"8174.12992792","low_24_h":"63171.19","high_24_h":"65553.39","low_52_w":"59073.01","high_52_w":"126296","price_percent_chg_24_h":"0.38720782630914","best_bid":"63878.25","best_ask":"63878.26","best_bid_quantity":"0.05698509","best_ask_quantity":"0.49404743"}]}]}}
{"seq":51,"ts_recorded":"2026-06-22T23:06:02.090746Z","exchange":"coinbase","channel":"ticker","payload":{"channel":"ticker","timestamp":"2026-06-22T23:06:02.094720959Z","sequence_num":53,"events":[{"type":"update","tickers":[{"type":"ticker","product_id":"SOL-USD","price":"71.89","volume_24_h":"780657.63825337","low_24_h":"71.33","high_24_h":"74.92","low_52_w":"60.11","high_52_w":"253.61","price_percent_chg_24_h":"-1.31777625257378","best_bid":"71.89","best_ask":"71.91","best_bid_quantity":"53.93244546","best_ask_quantity":"42.76552483"}]}]}}
{"seq":52,"ts_recorded":"2026-06-22T23:06:02.142651Z","exchange":"coinbase","channel":"ticker","payload":{"channel":"ticker","timestamp":"2026-06-22T23:06:02.147465017Z","sequence_num":54,"events":[{"type":"update","tickers":[{"type":"ticker","product_id":"ETH-USD","price":"1722.61","volume_24_h":"120418.85658236","low_24_h":"1702.1","high_24_h":"1777.83","low_52_w":"1505","high_52_w":"4955.9","price_percent_chg_24_h":"0.61327835244231","best_bid":"1722.61","best_ask":"1722.62","best_bid_quantity":"0.64445357","best_ask_quantity":"0.23835"}]}]}}
{"seq":53,"ts_recorded":"2026-06-22T23:06:02.223840Z","exchange":"coinbase","channel":"ticker","payload":{"channel":"ticker","timestamp":"2026-06-22T23:06:02.228391208Z","sequence_num":55,"events":[{"type":"update","tickers":[{"type":"ticker","product_id":"BTC-USD","price":"63884.07","volume_24_h":"8174.12992792","low_24_h":"63171.19","high_24_h":"65553.39","low_52_w":"59073.01","high_52_w":"126296","price_percent_chg_24_h":"0.38720782630914","best_bid":"63878.25","best_ask":"63878.26","best_bid_quantity":"0.04698509","best_ask_quantity":"0.1659042"}]}]}}
{"seq":54,"ts_recorded":"2026-06-22T23:06:02.391678Z","exchange":"coinbase","channel":"ticker","payload":{"channel":"ticker","timestamp":"2026-06-22T23:06:02.395395402Z","sequence_num":56,"events":[{"type":"update","tickers":[{"type":"ticker","product_id":"ETH-USD","price":"1722.61","volume_24_h":"120418.85658236","low_24_h":"1702.1","high_24_h":"1777.83","low_52_w":"1505","high_52_w":"4955.9","price_percent_chg_24_h":"0.61327835244231","best_bid":"1722.61","best_ask":"1722.62","best_bid_quantity":"2.33195357","best_ask_quantity":"0.23835"}]}]}}
{"seq":55,"ts_recorded":"2026-06-22T23:06:02.472430Z","exchange":"coinbase","channel":"ticker","payload":{"channel":"ticker","timestamp":"2026-06-22T23:06:02.477073577Z","sequence_num":57,"events":[{"type":"update","tickers":[{"type":"ticker","product_id":"BTC-USD","price":"63884.07","volume_24_h":"8174.12992792","low_24_h":"63171.19","high_24_h":"65553.39","low_52_w":"59073.01","high_52_w":"126296","price_percent_chg_24_h":"0.38720782630914","best_bid":"63878.25","best_ask":"63878.26","best_bid_quantity":"0.19487925","best_ask_quantity":"0.04437"}]}]}}
{"seq":56,"ts_recorded":"2026-06-22T23:06:02.640880Z","exchange":"coinbase","channel":"ticker","payload":{"channel":"ticker","timestamp":"2026-06-22T23:06:02.645143884Z","sequence_num":58,"events":[{"type":"update","tickers":[{"type":"ticker","product_id":"BTC-USD","price":"63878.25","volume_24_h":"8174.12992792","low_24_h":"63171.19","high_24_h":"65553.39","low_52_w":"59073.01","high_52_w":"126296","price_percent_chg_24_h":"0.37806229833089","best_bid":"63878.25","best_ask":"63878.26","best_bid_quantity":"0.19487925","best_ask_quantity":"0.04437"}]}]}}
{"seq":57,"ts_recorded":"2026-06-22T23:06:02.641150Z","exchange":"coinbase","channel":"ticker","payload":{"channel":"ticker","timestamp":"2026-06-22T23:06:02.646201415Z","sequence_num":59,"events":[{"type":"update","tickers":[{"type":"ticker","product_id":"ETH-USD","price":"1722.61","volume_24_h":"120418.85658236","low_24_h":"1702.1","high_24_h":"1777.83","low_52_w":"1505","high_52_w":"4955.9","price_percent_chg_24_h":"0.61327835244231","best_bid":"1722.61","best_ask":"1722.62","best_bid_quantity":"2.16196752","best_ask_quantity":"0.23835"}]}]}}
{"seq":58,"ts_recorded":"2026-06-22T23:06:02.661511Z","exchange":"coinbase","channel":"market_trades","payload":{"channel":"market_trades","timestamp":"2026-06-22T23:06:02.665019707Z","sequence_num":60,"events":[{"type":"update","trades":[{"product_id":"BTC-USD","trade_id":"1041669889","price":"63878.25","size":"0.00000016","time":"2026-06-22T23:06:02.489084Z","side":"BUY"},{"product_id":"BTC-USD","trade_id":"1041669888","price":"63878.25","size":"0.00000002","time":"2026-06-22T23:06:02.488404Z","side":"BUY"},{"product_id":"BTC-USD","trade_id":"1041669887","price":"63878.25","size":"0.00000021","time":"2026-06-22T23:06:02.485212Z","side":"BUY"},{"product_id":"BTC-USD","trade_id":"1041669886","price":"63878.26","size":"0.0000198","time":"2026-06-22T23:06:02.480853Z","side":"SELL"}]}]}}
{"seq":59,"ts_recorded":"2026-06-22T23:06:02.674066Z","exchange":"coinbase","channel":"market_trades","payload":{"channel":"market_trades","timestamp":"2026-06-22T23:06:02.678652638Z","sequence_num":61,"events":[{"type":"update","trades":[{"product_id":"ETH-USD","trade_id":"820529095","price":"1722.61","size":"0.00058044","time":"2026-06-22T23:06:02.557841Z","side":"BUY"}]}]}}
{"seq":60,"ts_recorded":"2026-06-22T23:06:02.722553Z","exchange":"coinbase","channel":"ticker","payload":{"channel":"ticker","timestamp":"2026-06-22T23:06:02.72738901Z","sequence_num":62,"events":[{"type":"update","tickers":[{"type":"ticker","product_id":"SOL-USD","price":"71.89","volume_24_h":"780657.63825337","low_24_h":"71.33","high_24_h":"74.92","low_52_w":"60.11","high_52_w":"253.61","price_percent_chg_24_h":"-1.31777625257378","best_bid":"71.89","best_ask":"71.9","best_bid_quantity":"51.36318711","best_ask_quantity":"1.37613585"}]}]}}
{"seq":61,"ts_recorded":"2026-06-22T23:06:02.723336Z","exchange":"coinbase","channel":"ticker","payload":{"channel":"ticker","timestamp":"2026-06-22T23:06:02.727951258Z","sequence_num":63,"events":[{"type":"update","tickers":[{"type":"ticker","product_id":"BTC-USD","price":"63878.25","volume_24_h":"8174.12992792","low_24_h":"63171.19","high_24_h":"65553.39","low_52_w":"59073.01","high_52_w":"126296","price_percent_chg_24_h":"0.37806229833089","best_bid":"63878.25","best_ask":"63878.26","best_bid_quantity":"0.05964062","best_ask_quantity":"0.27379942"}]}]}}
{"seq":62,"ts_recorded":"2026-06-22T23:06:02.774323Z","exchange":"coinbase","channel":"market_trades","payload":{"channel":"market_trades","timestamp":"2026-06-22T23:06:02.779426106Z","sequence_num":64,"events":[{"type":"update","trades":[{"product_id":"ETH-USD","trade_id":"820529096","price":"1722.62","size":"0.00891198","time":"2026-06-22T23:06:02.696184Z","side":"SELL"}]}]}}
{"seq":63,"ts_recorded":"2026-06-22T23:06:02.891230Z","exchange":"coinbase","channel":"ticker","payload":{"channel":"ticker","timestamp":"2026-06-22T23:06:02.89641516Z","sequence_num":65,"events":[{"type":"update","tickers":[{"type":"ticker","product_id":"ETH-USD","price":"1722.61","volume_24_h":"120418.85658236","low_24_h":"1702.1","high_24_h":"1777.83","low_52_w":"1505","high_52_w":"4955.9","price_percent_chg_24_h":"0.61327835244231","best_bid":"1722.61","best_ask":"1722.62","best_bid_quantity":"0.47446752","best_ask_quantity":"0.22943802"}]}]}}
{"seq":64,"ts_recorded":"2026-06-22T23:06:02.898802Z","exchange":"coinbase","channel":"ticker","payload":{"channel":"ticker","timestamp":"2026-06-22T23:06:02.902587174Z","sequence_num":66,"events":[{"type":"update","tickers":[{"type":"ticker","product_id":"BTC-USD","price":"63878.25","volume_24_h":"8172.92608609","low_24_h":"63171.19","high_24_h":"65553.39","low_52_w":"59073.01","high_52_w":"126296","price_percent_chg_24_h":"0.38446669683941","best_bid":"63878.25","best_ask":"63878.26","best_bid_quantity":"0.05964062","best_ask_quantity":"0.27379942"}]}]}}
{"seq":65,"ts_recorded":"2026-06-22T23:06:02.971992Z","exchange":"coinbase","channel":"ticker","payload":{"channel":"ticker","timestamp":"2026-06-22T23:06:02.976953009Z","sequence_num":67,"events":[{"type":"update","tickers":[{"type":"ticker","product_id":"BTC-USD","price":"63878.25","volume_24_h":"8172.92608609","low_24_h":"63171.19","high_24_h":"65553.39","low_52_w":"59073.01","high_52_w":"126296","price_percent_chg_24_h":"0.38446669683941","best_bid":"63878.25","best_ask":"63878.26","best_bid_quantity":"0.05964062","best_ask_quantity":"0.53733695"}]}]}}
{"seq":66,"ts_recorded":"2026-06-22T23:06:03.063131Z","exchange":"coinbase","channel":"market_trades","payload":{"channel":"market_trades","timestamp":"2026-06-22T23:06:03.068035114Z","sequence_num":68,"events":[{"type":"update","trades":[{"product_id":"BTC-USD","trade_id":"1041669890","price":"63878.25","size":"0.00000024","time":"2026-06-22T23:06:02.957662Z","side":"BUY"}]}]}}
{"seq":67,"ts_recorded":"2026-06-22T23:06:03.076004Z","exchange":"coinbase","channel":"ticker","payload":{"channel":"ticker","timestamp":"2026-06-22T23:06:03.081091701Z","sequence_num":69,"events":[{"type":"update","tickers":[{"type":"ticker","product_id":"ETH-USD","price":"1722.62","volume_24_h":"120418.85658236","low_24_h":"1702.1","high_24_h":"1777.83","low_52_w":"1505","high_52_w":"4955.9","price_percent_chg_24_h":"0.61386242706368","best_bid":"1722.61","best_ask":"1722.62","best_bid_quantity":"0.47446752","best_ask_quantity":"0.22943802"}]}]}}
{"seq":68,"ts_recorded":"2026-06-22T23:06:03.224970Z","exchange":"coinbase","channel":"ticker","payload":{"channel":"ticker","timestamp":"2026-06-22T23:06:03.228195232Z","sequence_num":70,"events":[{"type":"update","tickers":[{"type":"ticker","product_id":"BTC-USD","price":"63878.25","volume_24_h":"8172.92608609","low_24_h":"63171.19","high_24_h":"65553.39","low_52_w":"59073.01","high_52_w":"126296","price_percent_chg_24_h":"0.38446669683941","best_bid":"63878.25","best_ask":"63878.26","best_bid_quantity":"0.05964038","best_ask_quantity":"0.53732207"}]}]}}
{"seq":69,"ts_recorded":"2026-06-22T23:06:03.262029Z","exchange":"coinbase","channel":"market_trades","payload":{"channel":"market_trades","timestamp":"2026-06-22T23:06:03.265602934Z","sequence_num":71,"events":[{"type":"update","trades":[{"product_id":"BTC-USD","trade_id":"1041669891","price":"63878.26","size":"0.00001488","time":"2026-06-22T23:06:03.182407Z","side":"SELL"}]}]}}
{"seq":70,"ts_recorded":"2026-06-22T23:06:03.337442Z","exchange":"coinbase","channel":"ticker","payload":{"channel":"ticker","timestamp":"2026-06-22T23:06:03.341437355Z","sequence_num":72,"events":[{"type":"update","tickers":[{"type":"ticker","product_id":"SOL-USD","price":"71.89","volume_24_h":"780529.23923027","low_24_h":"71.33","high_24_h":"74.92","low_52_w":"60.11","high_52_w":"253.61","price_percent_chg_24_h":"-1.23643357604066","best_bid":"71.89","best_ask":"71.9","best_bid_quantity":"51.36318711","best_ask_quantity":"1.37613585"}]}]}}
{"seq":71,"ts_recorded":"2026-06-22T23:06:03.360378Z","exchange":"coinbase","channel":"market_trades","payload":{"channel":"market_trades","timestamp":"2026-06-22T23:06:03.36458231Z","sequence_num":73,"events":[{"type":"update","trades":[{"product_id":"BTC-USD","trade_id":"1041669892","price":"63878.25","size":"0.00000006","time":"2026-06-22T23:06:03.297748Z","side":"BUY"}]}]}}
{"seq":72,"ts_recorded":"2026-06-22T23:06:03.379546Z","exchange":"coinbase","channel":"ticker","payload":{"channel":"ticker","timestamp":"2026-06-22T23:06:03.384248194Z","sequence_num":74,"events":[{"type":"update","tickers":[{"type":"ticker","product_id":"BTC-USD","price":"63878.26","volume_24_h":"8172.92608609","low_24_h":"63171.19","high_24_h":"65553.39","low_52_w":"59073.01","high_52_w":"126296","price_percent_chg_24_h":"0.3844824118076","best_bid":"63878.25","best_ask":"63878.26","best_bid_quantity":"0.05964038","best_ask_quantity":"0.53732207"}]}]}}
{"seq":73,"ts_recorded":"2026-06-22T23:06:03.473560Z","exchange":"coinbase","channel":"ticker","payload":{"channel":"ticker","timestamp":"2026-06-22T23:06:03.476994166Z","sequence_num":75,"events":[{"type":"update","tickers":[{"type":"ticker","product_id":"BTC-USD","price":"63878.26","volume_24_h":"8172.92608609","low_24_h":"63171.19","high_24_h":"65553.39","low_52_w":"59073.01","high_52_w":"126296","price_percent_chg_24_h":"0.3844824118076","best_bid":"63878.25","best_ask":"63878.26","best_bid_quantity":"0.0596699","best_ask_quantity":"0.53732207"}]}]}}
{"seq":74,"ts_recorded":"2026-06-22T23:06:03.563836Z","exchange":"coinbase","channel":"market_trades","payload":{"channel":"market_trades","timestamp":"2026-06-22T23:06:03.567572874Z","sequence_num":76,"events":[{"type":"update","trades":[{"product_id":"BTC-USD","trade_id":"1041669893","price":"63878.26","size":"0.00071275","time":"2026-06-22T23:06:03.520304Z","side":"SELL"}]}]}}
{"seq":75,"ts_recorded":"2026-06-22T23:06:03.722553Z","exchange":"coinbase","channel":"ticker","payload":{"channel":"ticker","timestamp":"2026-06-22T23:06:03.727391147Z","sequence_num":77,"events":[{"type":"update","tickers":[{"type":"ticker","product_id":"SOL-USD","price":"71.89","volume_24_h":"780529.23923027","low_24_h":"71.33","high_24_h":"74.92","low_52_w":"60.11","high_52_w":"253.61","price_percent_chg_24_h":"-1.23643357604066","best_bid":"71.89","best_ask":"71.9","best_bid_quantity":"36.36318711","best_ask_quantity":"1.37613585"}]}]}}
{"seq":76,"ts_recorded":"2026-06-22T23:06:03.723108Z","exchange":"coinbase","channel":"ticker","payload":{"channel":"ticker","timestamp":"2026-06-22T23:06:03.727688358Z","sequence_num":78,"events":[{"type":"update","tickers":[{"type":"ticker","product_id":"BTC-USD","price":"63878.26","volume_24_h":"8172.92608609","low_24_h":"63171.19","high_24_h":"65553.39","low_52_w":"59073.01","high_52_w":"126296","price_percent_chg_24_h":"0.3844824118076","best_bid":"63878.25","best_ask":"63878.26","best_bid_quantity":"0.0596699","best_ask_quantity":"0.43409444"}]}]}}
{"seq":77,"ts_recorded":"2026-06-22T23:06:03.903570Z","exchange":"coinbase","channel":"ticker","payload":{"channel":"ticker","timestamp":"2026-06-22T23:06:03.907736895Z","sequence_num":79,"events":[{"type":"update","tickers":[{"type":"ticker","product_id":"ETH-USD","price":"1722.62","volume_24_h":"120397.53434085","low_24_h":"1702.1","high_24_h":"1777.83","low_52_w":"1505","high_52_w":"4955.9","price_percent_chg_24_h":"0.6432540123042","best_bid":"1722.61","best_ask":"1722.62","best_bid_quantity":"0.47446752","best_ask_quantity":"0.22943802"}]}]}}
{"seq":78,"ts_recorded":"2026-06-22T23:06:03.903948Z","exchange":"coinbase","channel":"ticker","payload":{"channel":"ticker","timestamp":"2026-06-22T23:06:03.908506541Z","sequence_num":80,"events":[{"type":"update","tickers":[{"type":"ticker","product_id":"ETH-USD","price":"1722.62","volume_24_h":"120397.53434085","low_24_h":"1702.1","high_24_h":"1777.83","low_52_w":"1505","high_52_w":"4955.9","price_percent_chg_24_h":"0.6432540123042","best_bid":"1722.61","best_ask":"1722.62","best_bid_quantity":"0.47446752","best_ask_quantity":"0.25060492"}]}]}}
{"seq":79,"ts_recorded":"2026-06-22T23:06:03.908365Z","exchange":"coinbase","channel":"market_trades","payload":{"channel":"market_trades","timestamp":"2026-06-22T23:06:03.912738361Z","sequence_num":81,"events":[{"type":"update","trades":[{"product_id":"SOL-USD","trade_id":"342170916","price":"71.91","size":"4.387921","time":"2026-06-22T23:06:03.882841Z","side":"SELL"},{"product_id":"SOL-USD","trade_id":"342170915","price":"71.91","size":"5.26093415","time":"2026-06-22T23:06:03.880487Z","side":"SELL"},{"product_id":"SOL-USD","trade_id":"342170914","price":"71.91","size":"0.016","time":"2026-06-22T23:06:03.880487Z","side":"SELL"},{"product_id":"SOL-USD","trade_id":"342170913","price":"71.9","size":"0.00000585","time":"2026-06-22T23:06:03.880487Z","side":"SELL"},{"product_id":"SOL-USD","trade_id":"342170912","price":"71.9","size":"1.37613","time":"2026-06-22T23:06:03.873442Z","side":"SELL"}]}]}}
{"seq":80,"ts_recorded":"2026-06-22T23:06:03.972884Z","exchange":"coinbase","channel":"ticker","payload":{"channel":"ticker","timestamp":"2026-06-22T23:06:03.976638406Z","sequence_num":82,"events":[{"type":"update","tickers":[{"type":"ticker","product_id":"SOL-USD","price":"71.89","volume_24_h":"780529.23923027","low_24_h":"71.33","high_24_h":"74.92","low_52_w":"60.11","high_52_w":"253.61","price_percent_chg_24_h":"-1.23643357604066","best_bid":"71.91","best_ask":"71.92","best_bid_quantity":"3.31193207","best_ask_quantity":"24.33127479"}]}]}}
{"seq":81,"ts_recorded":"2026-06-22T23:06:03.972952Z","exchange":"coinbase","channel":"ticker","payload":{"channel":"ticker","timestamp":"2026-06-22T23:06:03.976764255Z","sequence_num":83,"events":[{"type":"update","tickers":[{"type":"ticker","product_id":"BTC-USD","price":"63878.26","volume_24_h":"8172.92608609","low_24_h":"63171.19","high_24_h":"65553.39","low_52_w":"59073.01","high_52_w":"126296","price_percent_chg_24_h":"0.3844824118076","best_bid":"63878.25","best_ask":"63878.26","best_bid_quantity":"0.2276399","best_ask_quantity":"0.00078273"}]}]}}
{"seq":82,"ts_recorded":"2026-06-22T23:06:04.062335Z","exchange":"coinbase","channel":"market_trades","payload":{"channel":"market_trades","timestamp":"2026-06-22T23:06:04.065463708Z","sequence_num":84,"events":[{"type":"update","trades":[{"product_id":"BTC-USD","trade_id":"1041669894","price":"63878.25","size":"0.00000012","time":"2026-06-22T23:06:03.927158Z","side":"BUY"}]}]}}
{"seq":83,"ts_recorded":"2026-06-22T23:06:04.093584Z","exchange":"coinbase","channel":"ticker","payload":{"channel":"ticker","timestamp":"2026-06-22T23:06:04.093881825Z","sequence_num":85,"events":[{"type":"update","tickers":[{"type":"ticker","product_id":"SOL-USD","price":"71.91","volume_24_h":"780529.23923027","low_24_h":"71.33","high_24_h":"74.92","low_52_w":"60.11","high_52_w":"253.61","price_percent_chg_24_h":"-1.20895727435087","best_bid":"71.91","best_ask":"71.92","best_bid_quantity":"3.31193207","best_ask_quantity":"24.33127479"}]}]}}
{"seq":84,"ts_recorded":"2026-06-22T23:06:04.106278Z","exchange":"coinbase","channel":"market_trades","payload":{"channel":"market_trades","timestamp":"2026-06-22T23:06:04.110746858Z","sequence_num":86,"events":[{"type":"update","trades":[{"product_id":"SOL-USD","trade_id":"342170917","price":"71.92","size":"0.00963705","time":"2026-06-22T23:06:04.021924Z","side":"SELL"}]}]}}
{"seq":85,"ts_recorded":"2026-06-22T23:06:04.129529Z","exchange":"coinbase","channel":"ticker","payload":{"channel":"ticker","timestamp":"2026-06-22T23:06:04.134042703Z","sequence_num":87,"events":[{"type":"update","tickers":[{"type":"ticker","product_id":"BTC-USD","price":"63878.25","volume_24_h":"8172.92608609","low_24_h":"63171.19","high_24_h":"65553.39","low_52_w":"59073.01","high_52_w":"126296","price_percent_chg_24_h":"0.38446669683941","best_bid":"63878.25","best_ask":"63878.26","best_bid_quantity":"0.2276399","best_ask_quantity":"0.00078273"}]}]}}
{"seq":86,"ts_recorded":"2026-06-22T23:06:04.143184Z","exchange":"coinbase","channel":"ticker","payload":{"channel":"ticker","timestamp":"2026-06-22T23:06:04.147337997Z","sequence_num":88,"events":[{"type":"update","tickers":[{"type":"ticker","product_id":"ETH-USD","price":"1722.62","volume_24_h":"120397.53434085","low_24_h":"1702.1","high_24_h":"1777.83","low_52_w":"1505","high_52_w":"4955.9","price_percent_chg_24_h":"0.6432540123042","best_bid":"1722.61","best_ask":"1722.62","best_bid_quantity":"2.65939652","best_ask_quantity":"0.0211669"}]}]}}
{"seq":87,"ts_recorded":"2026-06-22T23:06:04.161273Z","exchange":"coinbase","channel":"market_trades","payload":{"channel":"market_trades","timestamp":"2026-06-22T23:06:04.164893503Z","sequence_num":89,"events":[{"type":"update","trades":[{"product_id":"BTC-USD","trade_id":"1041669895","price":"63878.25","size":"0.00000004","time":"2026-06-22T23:06:04.069038Z","side":"BUY"}]}]}}
{"seq":88,"ts_recorded":"2026-06-22T23:06:04.208137Z","exchange":"coinbase","channel":"market_trades","payload":{"channel":"market_trades","timestamp":"2026-06-22T23:06:04.210641477Z","sequence_num":90,"events":[{"type":"update","trades":[{"product_id":"SOL-USD","trade_id":"342170918","price":"71.91","size":"0.09792739","time":"2026-06-22T23:06:04.189574Z","side":"BUY"}]}]}}
{"seq":89,"ts_recorded":"2026-06-22T23:06:04.224064Z","exchange":"coinbase","channel":"ticker","payload":{"channel":"ticker","timestamp":"2026-06-22T23:06:04.227350096Z","sequence_num":91,"events":[{"type":"update","tickers":[{"type":"ticker","product_id":"SOL-USD","price":"71.91","volume_24_h":"780529.23923027","low_24_h":"71.33","high_24_h":"74.92","low_52_w":"60.11","high_52_w":"253.61","price_percent_chg_24_h":"-1.20895727435087","best_bid":"71.91","best_ask":"71.92","best_bid_quantity":"31.94400468","best_ask_quantity":"23.39707395"}]}]}}
{"seq":90,"ts_recorded":"2026-06-22T23:06:04.224129Z","exchange":"coinbase","channel":"ticker","payload":{"channel":"ticker","timestamp":"2026-06-22T23:06:04.227739654Z","sequence_num":92,"events":[{"type":"update","tickers":[{"type":"ticker","product_id":"BTC-USD","price":"63878.25","volume_24_h":"8172.92608609","low_24_h":"63171.19","high_24_h":"65553.39","low_52_w":"59073.01","high_52_w":"126296","price_percent_chg_24_h":"0.38446669683941","best_bid":"63878.25","best_ask":"63878.26","best_bid_quantity":"0.32343261","best_ask_quantity":"0.00078273"}]}]}}
{"seq":91,"ts_recorded":"2026-06-22T23:06:04.329401Z","exchange":"coinbase","channel":"ticker","payload":{"channel":"ticker","timestamp":"2026-06-22T23:06:04.332834293Z","sequence_num":93,"events":[{"type":"update","tickers":[{"type":"ticker","product_id":"SOL-USD","price":"71.92","volume_24_h":"780529.23923027","low_24_h":"71.33","high_24_h":"74.92","low_52_w":"60.11","high_52_w":"253.61","price_percent_chg_24_h":"-1.19521912350598","best_bid":"71.91","best_ask":"71.92","best_bid_quantity":"31.94400468","best_ask_quantity":"23.39707395"}]}]}}
{"seq":92,"ts_recorded":"2026-06-22T23:06:04.374287Z","exchange":"coinbase","channel":"ticker","payload":{"channel":"ticker","timestamp":"2026-06-22T23:06:04.378494322Z","sequence_num":94,"events":[{"type":"update","tickers":[{"type":"ticker","product_id":"BTC-USD","price":"63884.07","volume_24_h":"8172.92608609","low_24_h":"63171.19","high_24_h":"65553.39","low_52_w":"59073.01","high_52_w":"126296","price_percent_chg_24_h":"0.39361280832768","best_bid":"63878.25","best_ask":"63878.26","best_bid_quantity":"0.32343261","best_ask_quantity":"0.00078273"}]}]}}
{"seq":93,"ts_recorded":"2026-06-22T23:06:04.472557Z","exchange":"coinbase","channel":"ticker","payload":{"channel":"ticker","timestamp":"2026-06-22T23:06:04.476230141Z","sequence_num":95,"events":[{"type":"update","tickers":[{"type":"ticker","product_id":"SOL-USD","price":"71.92","volume_24_h":"780529.23923027","low_24_h":"71.33","high_24_h":"74.92","low_52_w":"60.11","high_52_w":"253.61","price_percent_chg_24_h":"-1.19521912350598","best_bid":"71.91","best_ask":"71.92","best_bid_quantity":"31.94400468","best_ask_quantity":"11.47849455"}]}]}}
{"seq":94,"ts_recorded":"2026-06-22T23:06:04.590882Z","exchange":"coinbase","channel":"ticker","payload":{"channel":"ticker","timestamp":"2026-06-22T23:06:04.592480584Z","sequence_num":96,"events":[{"type":"update","tickers":[{"type":"ticker","product_id":"SOL-USD","price":"71.91","volume_24_h":"780529.23923027","low_24_h":"71.33","high_24_h":"74.92","low_52_w":"60.11","high_52_w":"253.61","price_percent_chg_24_h":"-1.20895727435087","best_bid":"71.91","best_ask":"71.92","best_bid_quantity":"31.94400468","best_ask_quantity":"11.47849455"}]}]}}
{"seq":95,"ts_recorded":"2026-06-22T23:06:04.860248Z","exchange":"coinbase","channel":"market_trades","payload":{"channel":"market_trades","timestamp":"2026-06-22T23:06:04.865082907Z","sequence_num":97,"events":[{"type":"update","trades":[{"product_id":"BTC-USD","trade_id":"1041669896","price":"63878.25","size":"0.00000012","time":"2026-06-22T23:06:04.760513Z","side":"BUY"}]}]}}
{"seq":96,"ts_recorded":"2026-06-22T23:06:04.864372Z","exchange":"coinbase","channel":"ticker","payload":{"channel":"ticker","timestamp":"2026-06-22T23:06:04.866673014Z","sequence_num":98,"events":[{"type":"update","tickers":[{"type":"ticker","product_id":"BTC-USD","price":"63878.25","volume_24_h":"8172.92608609","low_24_h":"63171.19","high_24_h":"65553.39","low_52_w":"59073.01","high_52_w":"126296","price_percent_chg_24_h":"0.38446669683941","best_bid":"63878.25","best_ask":"63878.26","best_bid_quantity":"0.32343261","best_ask_quantity":"0.00078273"}]}]}}
{"seq":97,"ts_recorded":"2026-06-22T23:06:04.891600Z","exchange":"coinbase","channel":"ticker","payload":{"channel":"ticker","timestamp":"2026-06-22T23:06:04.89576617Z","sequence_num":99,"events":[{"type":"update","tickers":[{"type":"ticker","product_id":"ETH-USD","price":"1722.62","volume_24_h":"120397.53434085","low_24_h":"1702.1","high_24_h":"1777.83","low_52_w":"1505","high_52_w":"4955.9","price_percent_chg_24_h":"0.6432540123042","best_bid":"1722.61","best_ask":"1722.62","best_bid_quantity":"2.84229691","best_ask_quantity":"0.0211669"}]}]}}
{"seq":98,"ts_recorded":"2026-06-22T23:06:04.972118Z","exchange":"coinbase","channel":"ticker","payload":{"channel":"ticker","timestamp":"2026-06-22T23:06:04.976590895Z","sequence_num":100,"events":[{"type":"update","tickers":[{"type":"ticker","product_id":"SOL-USD","price":"71.91","volume_24_h":"780529.23923027","low_24_h":"71.33","high_24_h":"74.92","low_52_w":"60.11","high_52_w":"253.61","price_percent_chg_24_h":"-1.20895727435087","best_bid":"71.91","best_ask":"71.92","best_bid_quantity":"38.89714054","best_ask_quantity":"0.00636295"}]}]}}
